3125 4934
275 396 348 486 328
699 380 871 465 6²⁵³&
931 434 934 439 ι

279 563 331 641 tia
362 557 559 659 Episcopus
601 562 683 645 Bas.
718 559 782 639 sub
817 570 914 647 anno
942 554 1100 638 ‘Domini
1130 563 1189 640 Nl.
1217 564 1296 643 ct>

237 718 243 729 ,
272 658 1151 777 ¹LlillelVllllseriasecuuclapostastenssoncm
1163 664 1295 753 Domi·

254 866 257 883 ,
279 791 319 871 ni
338 789 510 896 synodum
528 786 748 883 celebravit,
781 790 819 867 in
838 811 909 886 qua
925 789 1053 866 statuta
1069 791 1251 889 quaedam
1275 812 1296 866 a

175 955 180 962 -
279 902 442 983 Domino
468 897 649 998 -Bonisacio
678 901 781 979 VIII.
830 900 978 978 Summo
999 902 1173 983 Pontifice
1199 903 1297 1009 edita

278 1012 505 1117 publicarit,
526 1011 663 1111 ¹aquua
688 1011 800 1123 etiam
823 1013 944 1093 statuit
967 1015 1013 1091 de
1035 1036 1131 1093 novo
1143 1068 1162 1103 ,‚
1198 1019 1294 1114 quod

270 1127 405 1224 ,omnia
421 1125 458 1204 in
470 1123 778 1227 plesenti'pagina
792 1125 836 1205 de
853 1130 970 1206 verbo
986 1129 1031 1203 ad
1046 1128 1203 1207 verbum
1222 1128 1296 1206 sine

279 1243 399 1341 aliqua
429 1237 673 1319 diminucione
706 1241 764 1317 vel
795 1240 986 1318 addicione
1006 1240 1297 1342 integraliter&

263 1355 438 1454 ,fideliter
456 1352 636 1433 conscribi
656 1354 833 1453 fecimus,
865 1378 936 1454 que
952 1354 1033 1434 sunt
1048 1355 1130 1436 hec.

356 1492 411 1566 Ut
424 1487 553 1589 padio,
588 1489 858 1568 observationes
876 1488 1064 1567 obtineant
1080 1489 1295 1570 firmitatem

166 1619 169 1627 ’
278 1599 464 1702 statuimus
487 1615 528 1675 ut
552 1600 701 1697 paetum
726 1627 808 1681 eum
833 1600 994 1706 Reilore
1012 1599 1161 1699 alicujus
1180 1607 1296 1682 eccle-

279 1717 329 1793 sre
344 1711 484 1808 failum
499 1724 569 1809 per
585 1713 771 1815 religiosos
790 1714 824 1791 dr
847 1715 935 1803 alios
958 1711 1213 1822 quoscunque,
1249 1741 1296 1796 ne

280 1829 346 1930 ips
370 1829 509 1926 aliquos
532 1830 598 1918 vel,
615 1846 733 1908 certos
755 1830 863 1931 ipsius
887 1828 1034 1917 ecclesie
1056 1829 1297 1927 parochianos

276 1948 325 2023 ad
339 1943 559 2042 sepulturam
574 1945 777 2044 recipiant,
803 1944 951 2022 omuino
964 1942 1152 2037 servetur,
1178 1945 1295 2025 eciam

224 2076 226 2081 ’
263 2057 305 2151 ,ᾗ
331 2076 416 2136 ante
437 2051 586 2154 podium
605 2054 689 2156 ipsis
708 2055 975 2157 paciscentibus
995 2053 1180 2151 sepultura
1204 2057 1316 2157 libe-'¹

210 2244 212 2247 ,
231 2205 234 2219 ¹
272 2188 322 2248 ra
341 2165 479 2264 indulta
494 2161 607 2240 suerit
622 2186 643 2239 a
659 2164 739 2265 sede
758 2162 952 2265 apostolica
966 2167 1022 2240 vel
1041 2165 1203 2265 allunde,
1227 2193 1297 2249 nec

280 2293 411 2357 contra
434 2275 551 2376 ipsum
573 2277 721 2376 pailum
742 2276 979 2384 imposterum
999 2278 1136 2379 eligere
1151 2284 1297 2364 valcant

160 2450 170 2464 .,
278 2382 401 2489 aliquo
420 2391 529 2469 modo
552 2391 786 2490 sepulturam.
825 2390 969 2472 ··officii
989 2392 1101 2468 nostri
1123 2395 1295 2476 debitum

191 2574 193 2578 ,
281 2516 539 2611 exequentes,
564 2504 607 2580 'ut
637 2504 841 2583 animarum
865 2501 1031 2602 periculo
1057 2514 1295 2608 occurratur,

279 2611 490 2706 statuimus,
511 2609 561 2687 dc
582 2610 874 2712 subpericulosa
897 2620 1296 2697 canouunr'commina·

1203 2869 1292 2924 culi·

373 3015 467 3091 oneri
484 3045 525 3092 rte
541 3041 707 3116 quaquam
715 3019 853 3093 serendo
866 3041 945 3094 erat.
975 3024 1069 3092 Dum
1079 3047 1160 3094 vero
1178 3025 1295 3096 Petrus

376 3118 414 3187 in
441 3114 532 3194 curia
548 3143 658 3191 morus
673 3119 793 3206 neiiit,
826 3123 957 3204 evenit,
987 3139 1025 3189 ut
1041 3119 1192 3190 Pontifex
1211 3125 1293 3193 rale-

280 3239 282 3243 ·
377 3215 494 3286 tudine
513 3214 622 3302 laeso,
651 3220 816 3309 ¹gravioris
837 3218 945 3288 morbi
971 3215 1145 3286 discrimen
1169 3220 1291 3316 adiret,

377 3334 479 3407 atque
504 3313 570 3399 ibi,
608 3335 801 3411 comperto,
836 3319 971 3386 Petrum
997 3314 1202 3412 Episcopum
1225 3345 1292 3390 me·

150 3424 155 3432 '
243 3408 278 3467 .'
379 3411 470 3481 dicae
492 3413 570 3481 artis
591 3410 919 3510 leudepraeiiantem
939 3410 1213 3510 effehorninetn,
1246 3443 1294 3486 er·

376 3508 504 3604 templo
520 3512 594 3607 opis
610 3536 646 3580 ac
661 3512 799 3582 remedii
814 3508 906 3580 cauli
921 3510 1063 3584 accerfiri
1078 3510 1193 3603 jubet,
1222 3518 1291 3610 qui,

377 3631 454 3677 cum
469 3609 547 3677 artis
563 3611 680 3704 peritia
694 3606 834 3681 feliciter
850 3612 919 3680 vim
938 3611 1009 3681 eius
1026 3609 1292 3682 morbioninem

373 3703 596 3799 profligasset,
629 3705 784 3777 Pontifex
802 3705 961 3777 idoneum
977 3724 1067 3776 retus
1084 3709 1190 3779 enimi
1203 3736 1291 3780 rnor-

371 3801 424 3873 bis
444 3800 614 3889 sanandis,
640 3808 699 3899 qui
722 3823 789 3875 tam
808 3801 979 3879 salutarem
1000 3806 1200 3900 corporibus
1225 3834 1291 3880 mn-

372 3924 456 3970 num
485 3901 683 3997 adponeret,
719 3928 756 3971 ex
778 3904 1004 3974 Cardinaliunn
1031 3905 1204 3976 voluntate
1234 3912 1291 3976 Ar·

370 3995 617 4094 chiepiscopum
640 3997 799 4087 instituit,
836 4000 1009 4096 pallioque
1033 3999 1195 4074 donatum
1216 4029 1289 4075 cum

257 4147 267 4164 .
370 4095 491 4188 infigni
521 4097 649 4172 honore
677 4094 933 4197 Mogentiafum
962 4095 1061 4175 mist.
1099 4104 1291 4175 Brotocrm

367 4192 392 4270 ιο
412 4217 438 4267 ι’·
451 4213 487 4297 p.
502 4210 566 4291 1835
