3125 4934
320 396 391 473 348
744 378 917 461 μή
980 428 1011 463 v

316 553 632 657 reminpredilib
650 553 1150 659 condempnemussedeciam
1168 558 1333 655 usquead

318 664 490 772 quartam
506 669 788 771 generacionem
817 672 1044 770 posteritates
1069 678 1143 773 ejus
1171 675 1208 750 in
1232 675 1337 750 cleri·
1380 666 1386 675 ’

318 808 446 864 corum
463 783 632 881 collegio
644 786 847 868 nullatenus
862 783 1106 878 -affunraomm
1131 810 1202 863 nec
1218 788 1256 863 in
1275 790 1336 863 do·

315 898 436 979 mibus
473 896 705 994 regularibus
731 895 880 993 alicujus
911 880 1207 993 proclamationis
1249 898 1335 976 allb-

317 1034 475 1118 quantur
502 1019 712 1112 honorem,
756 1013 823 1093 nist
852 1038 935 1092 cum
970 1014 1335 1109 eismisericordircr

257 1221 260 1236 Ι
315 1128 431 1209 fucrit
461 1126 734 1229 dispensatum,
784 1124 887 1203 salvis
923 1127 1093 1203 omnibus
1122 1128 1201 1203 aliis
1230 1130 1335 1226 penis

312 1244 461 1346 publice
486 1241 620 1341 punire
646 1240 855 1338 infligendis
881 1265 966 1318 cum
992 1241 1054 1317 ille
1086 1242 1202 1341 miser
1228 1242 1336 1321 sacri·-

312 1366 416 1461 legus
450 1358 497 1433 ad
529 1355 712 1453 gremium
752 1353 874 1432 sanile
899 1356 1033 1432 Matris
1067 1358 1216 1433 ecclesie
1235 1373 1337 1435 ·ran·

314 1472 404 1548 dem
450 1468 573 1547 forsan
628 1468 810 1545 contritus
852 1468 1040 1548 humiliter
1078 1474 1335 1550 revertendos.

313 1584 407 1686 Item
426 1603 502 1664 uon
519 1581 682 1688 obstante
696 1578 865 1678 predilia
892 1581 1143 1679 appellacione
1172 1582 1337 1681 interpo-

311 1702 392 1796 srta,
415 1721 524 1801 quam
543 1715 584 1775 ut
600 1695 812 1796 premissum
828 1699 893 1793 est,
918 1698 1089 1776 frivolam
1105 1719 1336 1800 reputamus,

283 1816 396 1914 -qor'a
420 1814 633 1891 universrtas
667 1810 776 1908 ipsius
803 1810 909 1891 villae
940 1816 1176 1907 ongersheim
1202 1822 1334 1897 mortis

195 1984 210 1993 -
299 1926 402 2004 uidi
420 1924 613 2003 sacerdotis
632 1921 802 2001 immunis
821 1948 894 2001 nun
910 1926 973 2023 eli,
998 1950 1085 2029 ,ymo
1102 1928 1226 2004 real&
1257 1934 1331 2006 cul-

307 2038 439 2147 pabilis
455 2039 667 2138 reperitur,
704 2060 786 2113 com
810 2060 856 2115 cx
878 2061 943 2134 eo,
972 2062 1044 2137 quo
1067 2038 1164 2116 aiala
1182 2044 1349 2119 univer-t

308 2157 390 2236 fitas
412 2156 637 2256 prebendam
659 2151 723 2250 ipli
750 2142 925 2231 sacerdoti
955 2159 1160 2252 deputatam
1187 2162 1234 2235 ad
1255 2164 1333 2241 offi-

307 2273 405 2349 cium
434 2266 568 2372 prio‘ris
583 2268 684 2347 mille
703 2268 900 2347 secondum
931 2272 1204 2355 ordinacionem
1231 2276 1334 2359 inter
1414 2312 1421 2331 ·

307 2384 425 2484 ipsum
461 2380 747 2461 sacerdotem&
782 2381 919 2461 didam
955 2382 1226 2464 univerfitatem
1261 2414 1332 2485 per

147 2513 169 2527 ‘¹
247 2584 255 2597 Ι
305 2520 372 2575 uos
405 2496 492 2574 alias
529 2492 689 2592 saidam,
732 2497 836 2574 utin
864 2496 994 2573 litteris
1032 2498 1103 2573 boc
1137 2499 1330 2595 confectis,

306 2609 450 2713 plenius
491 2610 721 2706 continetur,
772 2628 813 2689 ut
846 2611 972 2689 debuit
1007 2638 1079 2690 non
1113 2614 1217 2691 solvit
1243 2646 1330 2701 xnec

307 2726 407 2803 dedit
438 2726 538 2804 idem
570 2724 754 2819 sacerdos,
777 2742 909 2825 square
929 2725 986 2823 jus
1011 2726 1113 2805 suum
1138 2752 1208 2825 per
1228 2730 1328 2829 julli·

199 2875 203 2880 ·
307 2846 397 2926 tiam
431 2842 533 2922 curie
557 2841 660 2923 Basrl.
687 2842 788 2919 licite
818 2840 1040 2920 defendebat
1069 2843 1250 2938 praedidii
1278 2848 1329 2923 sa·

307 2960 465 3040 cerdotis
509 2956 723 3038 execrabilis
756 2958 792 3035 dc
828 2960 1011 3035 horrenda
1046 2982 1143 3035 mors
1188 2962 1324 3062 extitit,

306 3076 529 3169 subsecuta,
582 3075 697 3175 ipsam
728 3072 997 3152 univerfitatem
1028 3074 1067 3151 in
1097 3064 1174 3168 eo,¹
1225 3062 1325 3157 circa

254 3271 258 3277 ,
305 3194 402 3291 qood
430 3190 605 3290 deliquit,
638 3189 772 3292 punire
793 3188 988 3267 necessarie
1010 3190 1183 3269 babentes
1203 3194 1322 3275 officio

302 3303 476 3410 proxime
507 3304 630 3402 inille,
682 3306 827 3405 quando
859 3299 957 3380 idem
998 3305 1184 3391 sacerdos,
1234 3310 1322 3390 dum

305 3421 448 3497 viverat
480 3419 673 3497 exolvebot
694 3420 969 3518 inperpetuum
992 3418 1199 3518 privamus,
1223 3420 1331 3504 inhi..

280 3538 434 3613 =bentes
461 3532 558 3609 dille
593 3525 881 3611 universitati&
906 3532 1051 3635 singulis
1095 3536 1138 3609 de
1156 3536 1321 3614 :univer-
1382 3538 1387 3547 ’

301 3654 405 3731 strate
426 3646 594 3749 predicta
609 3647 673 3725 sub
696 3669 793 3745 pena
813 3648 1183 3742 excomunicationis,
1204 3671 1317 3747 ¹quam

298 3769 339 3845 in
362 3760 433 3841 biis
456 3758 598 3858 scriptIs
625 3758 778 3838 ferimus
803 3757 840 3835 io
857 3758 1033 3855 rebelles,
1059 3784 1106 3837 ne
1125 3764 1169 3839 de
1193 3781 1317 3846 cetero

303 3876 441 3959 dicium
465 3871 627 3949 officium
653 3871 867 3973 recolligat,
899 3894 967 3948 nec
990 3873 1065 3951 eius
1086 3877 1234 3963 nomine
1258 3882 1318 3957 vel
1446 3880 1447 3889 '

300 3997 475 4100 pretextu
501 3983 672 4084 deinceps
696 3984 831 4080 aliquas
857 3986 1169 4082 contribuciones2
1207 4010 1316 4065 exac·

296 4116 438 4201 tiones,
468 4121 646 4200 penarum
670 4096 892 4193 soluciones,
929 4098 1066 4199 legata,
1102 4100 1311 4182 clemofinas
1395 4178 1402 4187 ,
1446 4198 1447 4213 Ν

327 4238 331 4247 ’
1200 4284 1206 4291 .
1256 4212 1314 4289 vel
