3125 4934
142 615 190 683 ut
223 593 442 700 huiusmodi
473 596 639 679 defectus
668 598 774 701 polilt
803 593 942 679 utiliter
965 597 1168 701 provideri.

144 713 244 791 Item
272 706 485 803 statuimus,
509 725 549 787 ut
561 711 690 788 Nullus
712 710 937 789 sacerdotum
959 711 995 787 dc
1015 710 1171 792 clerico.
1279 767 1290 775 ,

143 845 231 911 rum
267 818 393 924 nolite
422 817 565 924 Diocess
595 820 833 920 quovismodo
865 817 928 897 sub
950 842 1170 921 penaexco-
1208 806 1227 843 ⁶
1444 894 1446 905 ,

147 929 423 1015 municacionis
449 954 681 1032 quascunque
702 954 761 1011 res
779 952 848 1031 per
867 934 1020 1031 predam
1045 948 1169 1036 captas
1446 946 1447 1039 l

146 1073 277 1131 emere
301 1050 365 1127 seu
383 1070 597 1147 comparare
612 1054 742 1129 audeat
756 1051 814 1127 vel
830 1038 1033 1148 presumat,
1057 1052 1084 1132 ss
1104 1072 1171 1129 ve·

144 1190 191 1244 ro
210 1163 371 1263 quicque
397 1161 648 1264 predictorum
677 1162 900 1243 contrarium
922 1154 1078 1259 fec'erit',
1101 1162 1169 1255 nili
1301 1172 1314 1201 ²

145 1305 228 1358 rem
246 1279 367 1376 iplam
391 1276 512 1355 taliter
535 1294 693 1378 emptam
710 1276 810 1356 infra
827 1276 924 1355 oao·
938 1278 1013 1357 dies
1035 1280 1169 1359 imme·
1276 1326 1279 1337 .

148 1395 248 1469 diate
270 1392 479 1491 sequentes,
504 1412 593 1469 vero
614 1390 797 1487 Domino,
825 1386 1169 1491 strepeririualeat,

149 1505 378 1598 restituerit,
416 1504 476 1581 vel
506 1499 667 1603 ejusdem
694 1523 825 1581 verum
839 1504 1000 1582 valorem
1020 1505 1172 1605 duplum

148 1619 258 1719 ipfius
281 1616 430 1695 fabrice
452 1616 611 1697 ecclesre
627 1619 747 1698 nostre
769 1616 849 1697 Bas.
878 1619 1039 1714 solvere,
1077 1608 1171 1699 irre-
1298 1680 1304 1692 .

152 1732 379 1811 millibiliter
404 1745 592 1831 teneatur,
621 1731 658 1809 dc
690 1730 924 1811 nihilominus
949 1732 1187 1819 sentenciam.
1298 1830 1300 1839 p

154 1844 517 1927 excomunicationis
542 1844 620 1945 ipso
648 1842 748 1925 facio
774 1844 950 1927 incurrat.
991 1872 1074 1927 cunr
1094 1873 1172 1931 non

152 1958 242 2039 nulli
268 1954 502 2035 eccleliarum
521 1954 795 2063 collegiatarum
812 1958 989 2056 prelati&
1006 1959 1172 2051 canonici

113 2148 115 2158 γ
155 2094 251 2151 anno
282 2065 434 2171 gracie,
470 2064 533 2164 qui
551 2065 877 2173 pro‘relevucioue
901 2068 1109 2149 debitorum
1130 2068 1173 2154 ln

113 2195 117 2271 ’,
157 2182 347 2262 fruiiibus
374 2178 634 2258 beneficiorum
645 2178 714 2283 ‚seo
730 2203 799 2281 pro
828 2180 1074 2269 anniversario
1107 2181 1173 2263 de.

112 2302 116 2311 ’
156 2293 294 2373 sunau
323 2288 529 2370 clericisest
544 2289 739 2388 conceffm,
764 2312 808 2367 ac
823 2290 938 2369 eciam
958 2290 1095 2372 statutis
1110 2314 1173 2373 ca·

114 2485 118 2511 p
159 2398 385 2509 pitulorum,
402 2400 533 2501 quibus
551 2417 715 2501 cavetur,
741 2416 781 2481 ut
802 2401 954 2502 quilibet
967 2404 1007 2483 in
1025 2406 1175 2485 canoni.

114 2524 118 2531 ’
161 2545 244 2600 cum
266 2514 520 2617 recipiendus,
538 2530 676 2594 certam
698 2518 1113 2616 qottampeccuniarum
1131 2519 1172 2601 in

114 2717 115 2720 p
163 2632 263 2711 usum
290 2645 592 2733 ornamentorum
632 2630 870 2710 ecclesiarum
886 2631 1027 2737 solvere
1048 2650 1175 2711 tenea·

116 2749 121 2830 i
163 2769 237 2844 tur,
264 2740 547 2839 dampnabiliter
557 2742 770 2840 abutantur,
787 2765 834 2821 ex
846 2766 919 2841 quo
934 2746 1068 2844 duplex
1083 2768 1172 2845 pro·

115 2866 122 2949 ss
162 2852 434 2955 venit'injuria.
467 2850 614 2931 ccclefie
642 2851 777 2933 scilicet
799 2851 835 2931 dc
857 2855 1031 2954 perrone,
1075 2860 1173 2941 tutde

115 2980 118 3061 ζ
163 2969 248 3048 huic
273 2968 408 3045 morbo
431 2962 616 3043 consulere
646 2963 855 3065 cupientes,
891 2966 1097 3067 statuimus,
1135 2972 1173 3053 n

116 3096 121 3177 2
164 3083 227 3161 sub
246 3104 342 3183 pena
368 3077 757 3157 excommunicacionis
790 3081 861 3157 late
887 3080 1069 3160 sentencie
1087 3106 1173 3181 pre-

169 3193 320 3295 cipimus
339 3188 373 3267 &
389 3191 601 3271 mandamns
620 3186 787 3267 omnibus
809 3187 956 3288 prelatis
972 3190 1006 3269 dc
1023 3193 1173 3287 canoni·

117 3396 121 3403 ,
168 3309 217 3387 cis
242 3303 449 3408 hujusmodi
470 3302 698 3382 ecclenamm
714 3302 1012 3405 collegiatarum,
1036 3321 1077 3383 ut
1091 3305 1173 3387 fru-

117 3436 121 3441 ’
168 3422 246 3502 dius
264 3447 313 3501 ex
337 3434 430 3500 anno
452 3417 577 3522 gracie
598 3416 874 3517 prevenientes,
910 3440 1067 3499 necnon
1088 3442 1187 3520 pre·-

118 3542 127 3630 ζ,
168 3536 343 3615 ditiarum
386 3532 594 3615 ecuniarum
614 3541 754 3630 quottas
772 3551 819 3607 ex
838 3526 974 3609 statutis
992 3532 1171 3613 ditiorum
1202 3582 1206 3589 -

117 3656 126 3752 j
168 3647 405 3727 Ecclefiarum
416 3642 598 3723 debltasin
608 3662 667 3719 eos
677 3638 755 3719 ulus
765 3639 1112 3741 licitosdhonestos,
1125 3646 1172 3727 ad

119 3768 126 3858 j
173 3785 255 3862 quos
268 3762 391 3861 primo
401 3753 648 3837 suntinliituta
659 3768 895 3851 convertant,
919 3755 1077 3854 alioquin
1087 3782 1172 3859 pre.

119 3892 127 3974 ζ,
173 3871 451 3955 tersentenciam
472 3865 875 3966 excommunicacionis,
894 3890 1008 3967 ,quam
1022 3888 1173 3970 propte-

120 3977 126 4066 1²
175 3982 584 4088 rea,utpremillnmest,
603 3980 1174 4083 singularespersonasi‘ncurrese

123 4185 128 4194 f
176 4099 350 4198 volomus,
376 4094 534 4194 capitula
553 4091 713 4192 ipsorum
732 4090 899 4180 adiviuis
915 4092 1173 4203 {distendimus

120 4196 693 4340 jmmmm
829 4208 903 4289 m
1135 4207 1173 4291 e
