3125 4934
604 393 736 494 m
1097 344 1262 486 xrrJ
1363 467 1367 474 .

165 560 485 650 sacramentalem
523 564 847 645 communionem
879 558 1176 645 confluentibus

115 724 116 731 κ
164 670 302 758 Christi
330 670 516 754 fidelibus
545 671 801 755 sufficientem
832 676 996 773 operam
1021 675 1176 774 impen-

164 785 256 867 dere
283 785 443 864 minime
462 800 633 888 queant,
669 784 735 864 cui
752 779 928 863 deiedui
944 783 1173 866 succurrere

160 897 347 976 volentes
362 915 437 996 pro
451 892 594 997 majori
607 893 819 974 animarum
833 892 882 972 ab
892 892 1080 974 Altilsrmo
1091 909 1171 972 'no-

159 1006 219 1102 bis
247 997 536 1084 commissarum
558 1001 731 1084 subsidio
756 1001 796 1084 &
814 999 954 1082 solatio
973 1003 1170 1098 uberiori,

161 1113 432 1219 religiosorum
445 1109 709 1216 familiashinc
720 1111 1170 1217 indentemporeElec·
1232 1161 1236 1168 -

160 1214 298 1304 torulis
332 1219 454 1304 nostri
486 1222 703 1327 Regiminis
726 1209 1006 1318 introducere,
1043 1224 1169 1302 intro·

161 1331 298 1414 ducias
314 1355 415 1414 vero
435 1357 457 1413 a
472 1327 827 1414 Praedecessoribus
841 1328 982 1413 nostris
999 1327 1068 1414 sel.
1086 1337 1170 1412 rec.

159 1442 187 1523 s.
205 1441 309 1523 sedis
328 1439 446 1548 Mog.
464 1441 785 1546 Archiepiscopis
808 1439 951 1524 fovere
975 1437 1174 1536 destabili-

160 1579 201 1634 re
218 1575 355 1656 operae
375 1553 545 1655 pretium
568 1549 807 1634 duxerimus.
872 1550 992 1633 Tales
1010 1549 1174 1633 fuerunt
1253 1613 1257 1624 ,

160 1659 349 1745 haetenus
370 1660 449 1744 FF.
471 1660 657 1744 Minores
674 1655 902 1743 Recolledli
916 1659 965 1744 ad
981 1659 1174 1765 oppidum

134 1768 335 1863 „nostrum
346 1761 637 1877 Miltebergaufie
649 1768 729 1875 jam
749 1771 899 1852 dudum
914 1769 1074 1867 admissi,
1106 1771 1175 1874 qui

163 1881 443 1964 difficilioribus
470 1883 543 1962 illis
562 1880 820 1985 praeterlapsrs
838 1881 1090 1986 temporibus.
1101 1904 1172 1984 pa·

113 2050 114 2063 a
163 1991 289 2072 rocho
313 1992 455 2072 urbico
477 1991 516 2074 dc
538 1992 677 2071 vicinis
702 1993 813 2096 pagis
842 1993 883 2072 in
907 1987 1174 2074 administran-
1234 2041 1239 2056 ·

163 2101 219 2183 dis
243 2099 384 2182 divinis
409 2102 546 2182 utilem
563 2097 849 2183 &indefessam
870 2125 1032 2205 operam
1052 2123 1173 2181 naua·

113 2280 114 2293 a
164 2227 277 2306 runt,
314 2232 486 2316 quorum
512 2211 669 2292 labores
695 2211 735 2293 &
761 2213 836 2316 piae
865 2207 1172 2293 conversationis

112 2392 113 2409 r
165 2323 346 2426 exempla
360 2344 435 2401 nos
451 2319 712 2416 induxerunt,
742 2338 789 2400 ut
800 2318 1083 2404 accedentibus
1098 2322 1173 2400 ite-

112 2432 113 2457 ¹
165 2432 254 2513 ratis
288 2428 639 2534 supplicationibus
672 2429 919 2514 subditorum
949 2427 1174 2512 nostrorum

167 2539 335 2642 desuper
362 2541 479 2621 nobis
501 2535 714 2644 porrectis,
752 2540 825 2620 illis
843 2552 917 2644 pro
935 2535 1171 2651 exstruendo

167 2647 447 2730 monasteriolo
486 2651 532 2738 ⁴&
575 2647 768 2732 firmando
812 2645 936 2730 stabili
969 2647 1172 2730 domicilio

112 2710 114 2809 d
166 2756 398 2842 Eledioralis
420 2757 540 2840 nostri
557 2760 735 2840 culminis
749 2759 790 2842 δι
806 2759 990 2840 ordinarii
1004 2755 1170 2847 assensus

112 2864 113 2875 '
162 2865 398 2959 beneficium
412 2869 643 2972 impendere
655 2870 801 2975 dignati
813 2867 1016 2976 fuerimus,
1045 2885 1170 2972 prout

112 2992 113 3071 l
164 2980 270 3060 illum
299 2978 547 3081 praesentium
573 2980 713 3087 vigore
742 2979 960 3062 litterarum
996 2979 1170 3082 imparti-

112 3092 113 3095 ‘
168 3113 275 3183 mur,
307 3087 361 3169 stc
377 3089 560 3171 tamen&
576 3113 659 3169 non
675 3091 765 3169 alias
778 3112 912 3194 neque
930 3089 1040 3170 aliter
1054 3109 1173 3192 quam

167 3219 211 3277 ut
237 3198 396 3278 vicissim
424 3197 596 3303 pratadti
628 3197 705 3281 FF.
736 3197 922 3280 Minores
952 3195 1022 3279 sub
1052 3219 1172 3278 manu

168 3331 212 3387 ac
236 3306 363 3414 sigillo
387 3305 557 3390 Ministri
586 3307 642 3390 sui
663 3307 918 3390 Prouincialis
939 3332 1011 3413 per
1037 3328 1171 3390 rever-
1197 3387 1202 3398 ,

168 3417 265 3498 sales
290 3417 450 3523 scriptas
475 3417 515 3499 se
536 3416 577 3501 se
594 3418 730 3501 Nobis
751 3443 797 3498 ac
815 3421 842 3502 s.
861 3417 941 3500 sedi
959 3415 1080 3522 Mog.
1096 3417 1171 3497 ob-

145 3527 149 3536 ’
168 3524 348 3634 stringat,
397 3526 508 3632 quod
529 3530 814 3632 proprietatem
840 3525 1062 3610 exstruendi
1083 3551 1104 3608 a
1127 3523 1168 3608 se

166 3633 387 3718 monasterii
407 3634 518 3718 didiae
537 3636 618 3719 sedi
634 3635 773 3727 nostra
788 3634 1168 3724 velintreservatam
1187 3689 1189 3694 -

165 3769 298 3850 neque
318 3769 524 3829 numerum
541 3746 810 3854 religiosorum
829 3747 1074 3830 duodenario
1089 3770 1168 3828 ma·

166 3853 293 3958 jurem
319 3879 490 3960 unquam
516 3857 660 3962 absque
679 3855 835 3961 speciali
860 3855 989 3940 nostra
1011 3857 1168 3938 licentia

166 3964 441 4060 introducere,
480 3965 651 4073 denique
676 3969 801 4049 tribus
821 3967 1040 4072 parochiis,
1070 3986 1167 4071 quas

112 4144 116 4293 ›
167 4072 354 4160 hamanus
379 4072 716 4271 admiristrareutss
739 4103 813 4183 per
829 4077 1015 4186 personas
1031 4100 1165 4272 Ἤ-

811 4363 824 4400 f
