3125 4934
186 530 291 614 tolus
316 527 484 635 rupious
506 527 577 612 vel
603 526 835 634 cuspidibus
863 522 1058 636 argenteis
1077 519 1170 612 inii·
1266 527 1270 550 “

184 639 343 724 stentem.
396 637 444 720 In
469 626 663 744 superiori
686 640 812 723 latere
840 637 984 730 dextro
1016 631 1167 742 gladius

184 744 375 834 &sinistro
396 745 568 852 pedum,
602 750 646 833 in
666 748 803 836 medio
819 743 948 858 pileus
960 741 1183 861 Electorag

182 861 218 941 lis
235 857 490 968 conspicitur,
517 857 636 964 super
652 860 803 944 eminet
819 875 953 943 autem
971 869 1073 940 crux
1089 855 1168 940 Ar·

180 966 470 1187 §hgpisscffalis
528 967 736 1076 Inscriptio
762 969 874 1078 sigilli
894 969 995 1052 haec
1018 961 1093 1050 est:
1123 962 1169 1048 S.

251 1135 262 1158 .
374 1065 518 1162 ILIP.
540 1075 1100 1184 s.-s.‚MOG.ARcH1l:P.
1123 1071 1168 1158 S.

179 1190 221 1270 R.
243 1189 270 1270 Ι.
295 1188 338 1273 Ρ.
368 1186 499 1271 GER.
523 1189 875 1297 ARCHlCANC.
898 1183 1093 1291 PRJNQ
1111 1181 1170 1268 E·

178 1296 324 1384 tuc'r.
349 1297 454 1382 ΕΡΙ.
476 1298 648 1389 HERB.
667 1300 744 1386 ET
768 1299 895 1384 Fut.
914 1297 1005 1383 OR
1027 1291 1169 1402 Duc.

245 1408 427 1492 Tertium
448 1412 573 1514 priori
591 1409 718 1516 majus
741 1435 766 1492 a
787 1403 1171 1513 duobusperpendi·

181 1519 364 1600 coloribus
381 1520 494 1600 lineis
516 1520 559 1603 lit
582 1543 663 1603 una
683 1518 901 1603 transversa
916 1519 958 1601 in
977 1513 1172 1630 [expleo.-

181 1627 243 1724 los,
280 1631 427 1733 quibus
447 1628 579 1712 medio
593 1632 752 1736 genulis
763 1630 942 1735 parmula
954 1625 1172 1728 incumbit,

180 1735 426 1845 distingutur.
492 1739 722 1832 Secundum
739 1740 782 1826 ἃ
804 1735 1172 1846 quintumlotercu·
1329 1817 1332 1825 ,

179 1847 245 1930 lum
259 1866 348 1929 rota
363 1847 622 1954 Mogtustina,
651 1851 822 1953 primum
837 1847 1017 1952 cuspides
1032 1865 1172 1951 argen-

180 1973 248 2038 teas
259 1953 440 2040 ultimum
454 1983 553 2042 vero
565 1961 772 2057 vexillum,
801 1959 984 2044 Tertium
1001 1956 1041 2039 tt
1056 1977 1172 2061 quar·
1225 2009 1230 2020 ·

179 2081 250 2148 tum
279 2070 404 2151 clavis
424 2067 754 2170 Wormatieofisu
813 2069 895 2154 Sex
918 2067 1092 2164 Galeoe,
1132 2063 1175 2144 in

179 2200 327 2280 quarum
352 2177 487 2260 medio
507 2203 606 2262 crux
620 2178 980 2282 Archiepiscopatis
997 2155 1194 2281 ptoosuk
1274 2215 1278 2232 ·

179 2306 258 2394 get,
303 2289 402 2370 huic
437 2290 584 2393 clypeo
614 2290 886 2393 imponuntur.
916 2285 1181 2370 aduexerant.

178 2399 286 2499 prime
312 2400 431 2481 mitra
452 2389 820 2504 Archiepiscopali,
855 2397 981 2503 prime
1007 2393 1059 2478 ad
1081 2391 1174 2476 smi-

178 2502 303 2604 stmn,
367 2524 457 2592 rota
502 2526 690 2616 argentea
731 2507 1000 2614 Mogontina,
1059 2501 1177 2602 tertia
1260 2559 1264 2579 .
1349 2521 1358 2538 ⁹

180 2620 371 2716 cornibus,
401 2636 539 2724 quarto
553 2620 730 2700 clavibus
739 2612 1044 2710 Wormatienstl
1055 2611 1173 2716 Ellis·

180 2748 358 2832 topatus,
387 2730 524 2834 quinta
537 2731 646 2834 pileo
659 2728 809 2810 Duculi
822 2724 1035 2811 &duobus
1048 2720 1175 2826 uexil-

181 2836 220 2916 lis
236 2836 462 2950 quadrifidis
480 2863 531 2920 ex
544 2839 666 2921 minio
679 2838 720 2920 &-
732 2854 898 2942 argento
909 2856 1099 2938 peooptt
1106 2829 1177 2912 tri-

181 2946 245 3028 bus
271 2950 418 3054 plumis
449 2950 641 3044 ceruleo,
687 2961 875 3053 argenteo
902 2945 944 3030 sc
971 2943 1185 3040 coccio-oste¹

181 3056 288 3140 Sexta
307 3058 590 3142 Schiioboroio
612 3058 758 3142 Leone
776 3074 1007 3142 exornatur.
1058 3050 1177 3152 ¹Glu-

182 3166 259 3248 dius
278 3191 445 3275 quoque
466 3193 488 3249 a
511 3168 655 3250 dextro
681 3167 722 3253 δι
746 3193 770 3250 a
790 3162 941 3251 sinistro
965 3165 1089 3265 latere
1104 3183 1177 3260 pe·

182 3275 382 3360 dumcoos
401 3280 527 3360 icitur.
586 3277 819 3380 Inscriptum
835 3271 1047 3380 eststgillo't
1077 3257 1176 3380 JO.

182 3375 352 3470 PHILI
387 3379 440 3468 P.
464 3386 522 3470 D.
541 3387 595 3470 G.
616 3388 658 3470 S.
682 3387 727 3470 S.
740 3385 893 3468 MOG.
913 3378 1176 3471 ARCHlEP.

183 3495 218 3575 S.
244 3499 295 3580 R.
322 3495 360 3606 J.
386 3495 507 3587 PER·
539 3495 722 3580 GERM.
751 3487 1179 3592 ARCHICANCEL.

182 3601 457 3692 PRINC.EL.
470 3603 865 3693 uulsofluttsslp.
882 3600 958 3688 ET
973 3601 1176 3700 WORM.
1298 3602 1308 3626 ”

182 3710 379 3808 FRANo
399 3718 492 3800 OR.
509 3715 649 3802 DUX.
717 3802 720 3810 ,
837 3763 843 3776 ·
1076 3795 1085 3812 ,

259 3825 462 3937 Quosdam
495 3827 648 3910 chartas
668 3820 830 3940 joannis·
857 3815 1027 3941 Philipps
1052 3817 1182 3932 sigillo

184 3936 641 4046 mutassobjungimus.
743 4013 750 4030 ,
1033 3955 1065 4028 .ἷ.
1097 3969 1107 3999 ¹

432 4157 435 4162 ’
569 4133 997 4280 „³14 ¹
1146 4131 1199 4234 1.'
