3125 4934
370 427 474 511 att·
797 408 966 494 Μ

370 590 469 673 enim
489 596 723 703 'nequaquam
747 584 973 684 instituatur,
1012 586 1139 686 drper
1167 580 1371 681 huiusmodi
1404 629 1408 637 ,

322 738 326 745 ’
370 703 541 808 Symonie
561 701 692 779 illicito
711 705 933 781 commercio
958 701 1167 815 cpuonicam
1188 700 1372 783 nihilomi-

369 844 436 907 nus
454 842 525 898 non
544 816 696 894 evitabit
714 818 901 895 ultionem.
966 852 971 865 ·
1039 860 1041 867 ·

442 953 551 1052 Quod
580 948 827 1049 presentandls
861 954 907 1026 ad
933 949 1099 1039 ecclesias
1125 948 1371 1047 incorpetatat

357 1070 563 1165 deputatur
580 1086 743 1167 congrua
765 1067 907 1165 porcio.

443 1199 535 1275 Item
557 1201 723 1275 volumus
753 1197 900 1295 insuper
923 1215 964 1277 ut
988 1195 1207 1298 presentanti
1239 1196 1286 1269 ad
1312 1216 1373 1273 ec·

264 1405 271 1420 ⁸
370 1310 515 1401 clelias,
558 1335 714 1410 quorum
740 1311 915 1391 Redorie
941 1315 1170 1414 incorporate
1194 1310 1372 1411 existunt,

367 1449 438 1528 per
462 1426 622 1503 nostrum
643 1425 820 1503 vicarium
852 1428 887 1503 dt
919 1426 1144 1527 figilliferum
1173 1448 1246 1501 non
1272 1425 1374 1501 insti·

369 1552 493 1624 tuetur
506 1537 571 1616 nist
588 1539 723 1615 constet
738 1538 1199 1641 congruamdtredditunm
1218 1536 1254 1611 dr
1272 1536 1375 1614 fruc-

370 1673 473 1735 tuum
494 1654 729 1753 quantitatem
753 1670 1003 1753 competenter
1019 1651 1101 1754 ipsis
1122 1654 1203 1729 fore
1220 1652 1374 1753 affigna-

370 1786 467 1861 tam,
506 1768 603 1843 unde
621 1765 703 1860 iura
729 1766 765 1840 dt
789 1788 900 1841 onera
920 1766 1027 1864 supra
1047 1763 1185 1860 scripta
1200 1764 1323 1841 subire
1338 1764 1375 1839 ἃ

369 1877 648 1976 hospitalitatem
670 1872 830 1951 debitam
848 1872 988 1951 servare
1006 1872 1166 1974 poliunt,
1198 1882 1243 1955 ad
1263 1903 1374 1978 quam

228 1984 236 1998 ’
371 1991 518 2089 quidem
539 1990 814 2093 affignacionem
833 1990 1034 2069 faciendam
1050 1993 1124 2091 ipse
1138 1996 1292 2074 vicarius
1308 2022 1376 2073 nn·

368 2095 666 2206 sterlltujusmodi
687 2105 884 2205 presentati
907 2105 1101 2183 terminum
1123 2108 1209 2187 lil'.
1231 2111 1375 2189 dierum

370 2223 580 2311 constituat,
623 2220 723 2299 infra
748 2244 857 2319 quem
882 2218 907 2295 fi
930 2220 1173 2317 presentandis
1199 2225 1264 2325 ipli
1287 2252 1375 2323 pre·

368 2332 525 2415 scotatio
536 2337 599 2413 tali
617 2335 658 2413 ut
677 2332 915 2437 permittitur,
940 2336 1136 2433 providete
1152 2345 1374 2443 neglexerit,

370 2471 640 2552 competenter,
666 2473 712 2530 ne
730 2451 867 2529 failnm
888 2454 1173 2550 presentandum
1195 2458 1270 2556 ipso
1288 2482 1374 2555 pre-

370 2568 506 2645 sentato
527 2584 679 2662 noceat,
711 2565 747 2641 dt
772 2568 901 2643 Christi
916 2569 1048 2643 'fideles
1075 2570 1212 2647 diuciut
1234 2573 1376 2649 diuino·

370 2698 451 2755 rum
482 2677 739 2753 communione
759 2676 971 2773 prirentur,
1003 2678 1077 2775 ipse
1102 2680 1258 2757 uicerint
1279 2683 1315 2759 dr
1334 2685 1376 2761 ss·

370 2790 509 2894 gillifer
530 2792 591 2865 tali
614 2792 816 2888 presentato
835 2791 878 2864 de
905 2814 1065 2887 congrua
1082 2792 1124 2867 dt
1151 2776 1376 2891 'cotnpetenti

371 2900 758 2998 huionnodiporcioue
772 2904 815 2975 de
826 2900 1003 2979 frodinus
1017 2904 1176 2998 ecclesie,
1203 2909 1376 3005 adquam
1450 2902 1451 2979 ]

371 3017 528 3094 vicarius
544 3019 603 3095 seu
620 3018 806 3092 incuratus
823 3016 1047 3110 instituatur,
1072 3020 1273 3115 provideat.

371 3214 498 3337 Quod
515 3213 662 3297 Nullus
680 3210 905 3325 Religioius
923 3214 1147 3297 admittetur
1170 3216 1217 3299 ad
1241 3241 1378 3307 curant

489 3339 703 3420 animarum
721 3338 792 3417 nili
809 3360 859 3432 ox
874 3336 1028 3441 speciali
1046 3342 1264 3445 privilegio.

369 3591 373 3600 ,
427 3504 635 3607 'ltentquia
657 3510 838 3589 nonnulli
865 3510 1031 3597 ordinum
1056 3513 1277 3593 divertimur
1301 3516 1378 3592 Re·

372 3622 489 3723 llgiost
509 3620 720 3708 obediencie
732 3621 823 3724 jugo
840 3622 997 3722 subjecto
1015 3646 1082 3725 pet
1101 3622 1255 3703 divorsas
1271 3646 1378 3703 ntun-
1448 3664 1449 3707 l

257 3831 261 3836 p
371 3737 409 3817 di
425 3754 543 3838 partes
559 3735 598 3819 itt
614 3734 736 3814 clerici
759 3736 1000 3836 opprobrium
1031 3735 1313 3819 discurrentium
1330 3734 1378 3814 ad

207 3867 208 3874 '
370 3853 549 3953 regendas
568 3850 729 3930 ecclesias
748 3852 971 3949 parochiales
988 3854 1201 3953 plerumque
1219 3850 1242 3929 fi
1261 3849 1296 3925 in
1313 3874 1376 3951 ge·

371 3985 459 4048 nere
487 3963 588 4039 amris
618 3961 803 4043 transactis
837 3964 1148 4063 presumpserunt,
1191 3987 1236 4039 ne
1264 3964 1376 4063 igitur
1447 4022 1448 4061 p

371 4078 456 4165 talia
488 4082 656 4187 deinceps
689 4082 921 4192 contingant,
965 4084 1167 4187 statuimus,
1211 4087 1375 4165 volumus
