<?xml version="1.0" encoding="UTF-8"?>
<!DOCTYPE html PUBLIC "-//W3C//DTD XHTML 1.0 Transitional//EN"
    "http://www.w3.org/TR/xhtml1/DTD/xhtml1-transitional.dtd">
<html xmlns="http://www.w3.org/1999/xhtml" xml:lang="en" lang="en">
 <head>
  <title>
</title>
<meta http-equiv="Content-Type" content="text/html;charset=utf-8" />
  <meta name='ocr-system' content='tesseract 3.04.00' />
  <meta name='ocr-capabilities' content='ocr_page ocr_carea ocr_par ocr_line ocrx_word'/>
</head>
<body>
  <div class='ocr_page' id='page_1' title='image "./novasubsidiadip01wrgoog/novasubsidiadip01wrgoog_0447.png"; bbox 0 0 3125 4934; ppageno 0'>
   <div class='ocr_carea' id='block_1_1' title="bbox 133 378 1425 3165">
    <p class='ocr_par' dir='ltr' id='par_1_1' title="bbox 666 378 1258 486">
     <span class='ocr_line' id='line_1_1' title="bbox 666 378 1258 486; baseline 0.012 -8"><span class='ocrx_word' id='word_1_1' title='bbox 666 378 839 463; x_wconf 50' lang='lat'>&amp;²¹³³</span> <span class='ocrx_word' id='word_1_2' title='bbox 925 458 928 479; x_wconf 90' lang='lat'><em>.</em></span> <span class='ocrx_word' id='word_1_3' title='bbox 1152 402 1258 486; x_wconf 72' lang='grc' dir='ltr'>ιιι</span> 
     </span>
    </p>

    <p class='ocr_par' dir='ltr' id='par_1_2' title="bbox 232 531 1261 658">
     <span class='ocr_line' id='line_1_2' title="bbox 232 531 1261 658; baseline 0.006 -29"><span class='ocrx_word' id='word_1_4' title='bbox 232 552 313 629; x_wconf 89' lang='lat' dir='ltr'>bus</span> <span class='ocrx_word' id='word_1_5' title='bbox 332 551 493 631; x_wconf 84' lang='lat' dir='ltr'>instituto</span> <span class='ocrx_word' id='word_1_6' title='bbox 524 548 699 654; x_wconf 79' lang='lat' dir='ltr'>preteriri</span> <span class='ocrx_word' id='word_1_7' title='bbox 722 531 796 637; x_wconf 81' lang='lat' dir='ltr'>ndn</span> <span class='ocrx_word' id='word_1_8' title='bbox 825 556 964 658; x_wconf 77' lang='lat' dir='ltr'>posset,</span> <span class='ocrx_word' id='word_1_9' title='bbox 997 556 1113 638; x_wconf 74' lang='lat' dir='ltr'>dunos</span> <span class='ocrx_word' id='word_1_10' title='bbox 1137 560 1261 657; x_wconf 88' lang='lat' dir='ltr'>predi-</span> 
     </span>
    </p>

    <p class='ocr_par' dir='ltr' id='par_1_3' title="bbox 231 667 1260 888">
     <span class='ocr_line' id='line_1_3' title="bbox 234 667 1260 773; baseline 0.008 -29"><span class='ocrx_word' id='word_1_11' title='bbox 234 668 325 746; x_wconf 70' lang='lat' dir='ltr'>etos</span> <span class='ocrx_word' id='word_1_12' title='bbox 342 667 528 768; x_wconf 84' lang='lat' dir='ltr'>officialis,</span> <span class='ocrx_word' id='word_1_13' title='bbox 563 695 646 751; x_wconf 88' lang='lat' dir='ltr'>cum</span> <span class='ocrx_word' id='word_1_14' title='bbox 670 674 717 750; x_wconf 88' lang='lat' dir='ltr'>ad</span> <span class='ocrx_word' id='word_1_15' title='bbox 736 671 1013 773; x_wconf 87' lang='lat' dir='ltr'>indagacionem</span> <span class='ocrx_word' id='word_1_16' title='bbox 1034 673 1131 753; x_wconf 75' lang='lat' dir='ltr'>uine</span> <span class='ocrx_word' id='word_1_17' title='bbox 1155 673 1260 769; x_wconf 82' lang='lat' dir='ltr'>cause</span> 
     </span>
     <span class='ocr_line' id='line_1_4' title="bbox 231 786 1258 896; baseline 0.006 -34"><span class='ocrx_word' id='word_1_18' title='bbox 231 802 429 881; x_wconf 86' lang='lat' dir='ltr'>tamquam</span> <span class='ocrx_word' id='word_1_19' title='bbox 460 786 497 862; x_wconf 91' lang='lat' dir='ltr'>in</span> <span class='ocrx_word' id='word_1_20' title='bbox 534 786 852 896; x_wconf 84' lang='lat' dir='ltr'>negotionotorio</span> <span class='ocrx_word' id='word_1_21' title='bbox 874 789 1128 891; x_wconf 81' lang='lat' dir='ltr'>descendentes</span> <span class='ocrx_word' id='word_1_22' title='bbox 1152 793 1258 868; x_wconf 88' lang='lat' dir='ltr'>nimi-</span> 
     </span>
    </p>

    <p class='ocr_par' dir='ltr' id='par_1_4' title="bbox 227 900 1336 1119">
     <span class='ocr_line' id='line_1_5' title="bbox 232 900 1336 1007; baseline 0.002 -28"><span class='ocrx_word' id='word_1_23' title='bbox 232 924 326 982; x_wconf 86' lang='lat' dir='ltr'>rum</span> <span class='ocrx_word' id='word_1_24' title='bbox 362 900 523 979; x_wconf 88' lang='lat' dir='ltr'>ordine&#39;</span> <span class='ocrx_word' id='word_1_25' title='bbox 512 926 551 979; x_wconf 91' lang='grc' dir='ltr'>ιιι</span> <span class='ocrx_word' id='word_1_26' title='bbox 576 902 727 981; x_wconf 88' lang='lat' dir='ltr'>notoriis</span> <span class='ocrx_word' id='word_1_27' title='bbox 752 902 876 979; x_wconf 86' lang='lat' dir='ltr'>debito</span> <span class='ocrx_word' id='word_1_28' title='bbox 898 903 1168 1007; x_wconf 71' lang='lat' dir='ltr'>diligentissime</span> <span class='ocrx_word' id='word_1_29' title='bbox 1194 907 1260 981; x_wconf 89' lang='lat' dir='ltr'>ob·</span> <span class='ocrx_word' id='word_1_30' title='bbox 1334 919 1336 927; x_wconf 76' lang='grc'>’</span> 
     </span>
     <span class='ocr_line' id='line_1_6' title="bbox 227 1018 1317 1123; baseline 0.001 -27"><span class='ocrx_word' id='word_1_31' title='bbox 227 1018 569 1109; x_wconf 68' lang='lat' dir='ltr'>servatoclamore,</span> <span class='ocrx_word' id='word_1_32' title='bbox 597 1042 660 1118; x_wconf 83' lang='lat' dir='ltr'>qus</span> <span class='ocrx_word' id='word_1_33' title='bbox 648 1018 786 1117; x_wconf 92' lang='lat' dir='ltr'>usque</span> <span class='ocrx_word' id='word_1_34' title='bbox 800 1022 843 1095; x_wconf 91' lang='lat' dir='ltr'>ad</span> <span class='ocrx_word' id='word_1_35' title='bbox 857 1019 953 1097; x_wconf 77' lang='lat' dir='ltr'>didi</span> <span class='ocrx_word' id='word_1_36' title='bbox 955 1018 1044 1123; x_wconf 88' lang='lat' dir='ltr'>ms</span> <span class='ocrx_word' id='word_1_37' title='bbox 1035 1022 1152 1122; x_wconf 91' lang='lat' dir='ltr'>nodu</span> <span class='ocrx_word' id='word_1_38' title='bbox 1146 1044 1195 1119; x_wconf 78' lang='lat' dir='ltr'>n,</span> <span class='ocrx_word' id='word_1_39' title='bbox 1224 1020 1259 1097; x_wconf 78' lang='lat' dir='ltr'>dr</span> <span class='ocrx_word' id='word_1_40' title='bbox 1315 1060 1317 1065; x_wconf 95' lang='lat'>·</span> 
     </span>
    </p>

    <p class='ocr_par' dir='ltr' id='par_1_5' title="bbox 205 1130 1425 1460">
     <span class='ocr_line' id='line_1_7' title="bbox 236 1130 1347 1245; baseline -0.005 -36"><span class='ocrx_word' id='word_1_41' title='bbox 236 1131 308 1228; x_wconf 88' lang='lat' dir='ltr'>qui</span> <span class='ocrx_word' id='word_1_42' title='bbox 326 1156 361 1210; x_wconf 81' lang='grc' dir='ltr'>ει</span> <span class='ocrx_word' id='word_1_43' title='bbox 349 1130 615 1233; x_wconf 85' lang='lat' dir='ltr'>p·resrderant,</span> <span class='ocrx_word' id='word_1_44' title='bbox 631 1146 866 1235; x_wconf 78' lang='lat' dir='ltr'>pervenerat,</span> <span class='ocrx_word' id='word_1_45' title='bbox 891 1126 1276 1228; x_wconf 82' lang='lat' dir='ltr'>invenerimusopere</span> <span class='ocrx_word' id='word_1_46' title='bbox 1343 1223 1347 1245; x_wconf 36' lang='grc' dir='ltr'>Ι</span> 
     </span>
     <span class='ocr_line' id='line_1_8' title="bbox 205 1243 1425 1360; baseline -0.002 -35"><span class='ocrx_word' id='word_1_47' title='bbox 205 1248 542 1360; x_wconf 70' lang='lat' dir='ltr'>adimpletum,</span> <span class='ocrx_word' id='word_1_48' title='bbox 563 1267 646 1322; x_wconf 92' lang='lat' dir='ltr'>cum</span> <span class='ocrx_word' id='word_1_49' title='bbox 671 1248 717 1326; x_wconf 81' lang='lat' dir='ltr'>ad</span> <span class='ocrx_word' id='word_1_50' title='bbox 732 1243 933 1345; x_wconf 87' lang='lat' dir='ltr'>puniendos</span> <span class='ocrx_word' id='word_1_51' title='bbox 950 1244 1176 1327; x_wconf 90' lang='lat' dir='ltr'>subditorum</span> <span class='ocrx_word' id='word_1_52' title='bbox 1196 1267 1260 1322; x_wconf 84' lang='lat' dir='ltr'>ex</span> <span class='ocrx_word' id='word_1_53' title='bbox 1296 1320 1299 1325; x_wconf 84' lang='grc'><strong>,</strong></span> <span class='ocrx_word' id='word_1_54' title='bbox 1419 1328 1425 1343; x_wconf 18' lang='grc' dir='ltr'>κ</span> 
     </span>
     <span class='ocr_line' id='line_1_9' title="bbox 233 1356 1258 1460; baseline -0.004 -21"><span class='ocrx_word' id='word_1_55' title='bbox 233 1361 355 1441; x_wconf 86' lang='lat' dir='ltr'>cessus</span> <span class='ocrx_word' id='word_1_56' title='bbox 373 1376 473 1441; x_wconf 88' lang='lat' dir='ltr'>tanto</span> <span class='ocrx_word' id='word_1_57' title='bbox 498 1357 712 1456; x_wconf 85' lang='lat' dir='ltr'>diligencius</span> <span class='ocrx_word' id='word_1_58' title='bbox 737 1360 868 1439; x_wconf 85' lang='lat' dir='ltr'>debeat</span> <span class='ocrx_word' id='word_1_59' title='bbox 886 1362 1045 1458; x_wconf 86' lang='lat' dir='ltr'>prelatus</span> <span class='ocrx_word' id='word_1_60' title='bbox 1063 1356 1258 1460; x_wconf 79' lang='lat' dir='ltr'>assurgere,</span> 
     </span>
    </p>

    <p class='ocr_par' dir='ltr' id='par_1_6' title="bbox 233 1461 1331 1577">
     <span class='ocr_line' id='line_1_10' title="bbox 233 1461 1331 1577; baseline -0.004 -22"><span class='ocrx_word' id='word_1_61' title='bbox 233 1494 378 1577; x_wconf 87' lang='lat' dir='ltr'>quanto</span> <span class='ocrx_word' id='word_1_62' title='bbox 394 1474 660 1575; x_wconf 86' lang='lat' dir='ltr'>dampnabilius</span> <span class='ocrx_word' id='word_1_63' title='bbox 679 1496 811 1555; x_wconf 88' lang='lat' dir='ltr'>eorum</span> <span class='ocrx_word' id='word_1_64' title='bbox 824 1461 976 1575; x_wconf 71' lang='lat' dir='ltr'>offensas</span> <span class='ocrx_word' id='word_1_65' title='bbox 993 1474 1125 1555; x_wconf 87' lang='lat' dir='ltr'>deserit</span> <span class='ocrx_word' id='word_1_66' title='bbox 1140 1473 1258 1554; x_wconf 88' lang='lat' dir='ltr'>incor-</span> <span class='ocrx_word' id='word_1_67' title='bbox 1329 1470 1331 1474; x_wconf 71' lang='grc'><strong>’</strong></span> 
     </span>
    </p>

    <p class='ocr_par' dir='ltr' id='par_1_7' title="bbox 194 1584 1259 1697">
     <span class='ocr_line' id='line_1_11' title="bbox 194 1584 1259 1697; baseline -0.009 -28"><span class='ocrx_word' id='word_1_68' title='bbox 194 1652 197 1656; x_wconf 82' lang='lat'>.</span> <span class='ocrx_word' id='word_1_69' title='bbox 227 1589 405 1697; x_wconf 58' lang='lat' dir='ltr'>reciae,x</span> <span class='ocrx_word' id='word_1_70' title='bbox 423 1588 595 1665; x_wconf 87' lang='lat' dir='ltr'>invocato</span> <span class='ocrx_word' id='word_1_71' title='bbox 612 1586 684 1665; x_wconf 91' lang='lat' dir='ltr'>Dei</span> <span class='ocrx_word' id='word_1_72' title='bbox 707 1589 856 1690; x_wconf 78' lang='lat' dir='ltr'>nomine</span> <span class='ocrx_word' id='word_1_73' title='bbox 887 1584 1095 1684; x_wconf 70' lang='lat' dir='ltr'>predisium</span> <span class='ocrx_word' id='word_1_74' title='bbox 1121 1586 1259 1672; x_wconf 52' lang='grc' dir='ltr'><strong>ὅσιαι,</strong></span> 
     </span>
    </p>

    <p class='ocr_par' dir='ltr' id='par_1_8' title="bbox 176 1697 1260 2026">
     <span class='ocr_line' id='line_1_12' title="bbox 176 1697 1258 1805; baseline -0.001 -27"><span class='ocrx_word' id='word_1_75' title='bbox 176 1725 197 1760; x_wconf 58' lang='lat' dir='ltr'>t</span> <span class='ocrx_word' id='word_1_76' title='bbox 227 1728 313 1786; x_wconf 76' lang='lat' dir='ltr'>arem</span> <span class='ocrx_word' id='word_1_77' title='bbox 345 1697 507 1779; x_wconf 88' lang='lat' dir='ltr'>villicum</span> <span class='ocrx_word' id='word_1_78' title='bbox 537 1715 690 1797; x_wconf 88' lang='lat' dir='ltr'>propter</span> <span class='ocrx_word' id='word_1_79' title='bbox 713 1703 791 1805; x_wconf 88' lang='lat' dir='ltr'>suas</span> <span class='ocrx_word' id='word_1_80' title='bbox 826 1698 1033 1797; x_wconf 83' lang='lat' dir='ltr'>iniquitates</span> <span class='ocrx_word' id='word_1_81' title='bbox 1064 1700 1101 1776; x_wconf 93' lang='lat' dir='ltr'>in</span> <span class='ocrx_word' id='word_1_82' title='bbox 1130 1722 1258 1777; x_wconf 89' lang='lat' dir='ltr'>necem</span> 
     </span>
     <span class='ocr_line' id='line_1_13' title="bbox 232 1807 1260 1907; baseline -0.007 -15"><span class='ocrx_word' id='word_1_83' title='bbox 232 1808 550 1893; x_wconf 75' lang='lat' dir='ltr'>oinimnocentis</span> <span class='ocrx_word' id='word_1_84' title='bbox 566 1807 762 1887; x_wconf 85' lang='lat' dir='ltr'>sacerdotis</span> <span class='ocrx_word' id='word_1_85' title='bbox 786 1807 860 1886; x_wconf 84' lang='lat' dir='ltr'>fine</span> <span class='ocrx_word' id='word_1_86' title='bbox 886 1808 988 1887; x_wconf 87' lang='lat' dir='ltr'>causa</span> <span class='ocrx_word' id='word_1_87' title='bbox 1011 1808 1173 1907; x_wconf 89' lang='lat' dir='ltr'>qualibet</span> <span class='ocrx_word' id='word_1_88' title='bbox 1198 1824 1260 1885; x_wconf 88' lang='lat' dir='ltr'>ne·</span> 
     </span>
     <span class='ocr_line' id='line_1_14' title="bbox 233 1916 1259 2026; baseline -0.007 -22"><span class='ocrx_word' id='word_1_89' title='bbox 233 1927 366 2026; x_wconf 88' lang='lat' dir='ltr'>quiter</span> <span class='ocrx_word' id='word_1_90' title='bbox 384 1924 604 2001; x_wconf 87' lang='lat' dir='ltr'>concitatum</span> <span class='ocrx_word' id='word_1_91' title='bbox 627 1920 669 1998; x_wconf 70' lang='lat' dir='ltr'>in‘</span> <span class='ocrx_word' id='word_1_92' title='bbox 689 1918 899 2023; x_wconf 83' lang='lat' dir='ltr'>quingentis</span> <span class='ocrx_word' id='word_1_93' title='bbox 921 1916 1041 2001; x_wconf 89' lang='lat' dir='ltr'>aureis</span> <span class='ocrx_word' id='word_1_94' title='bbox 1059 1919 1259 1998; x_wconf 87' lang='lat' dir='ltr'>sentencia·</span> 
     </span>
    </p>

    <p class='ocr_par' dir='ltr' id='par_1_9' title="bbox 133 2028 1412 3162">
     <span class='ocr_line' id='line_1_15' title="bbox 214 2028 1321 2134; baseline -0.009 -17"><span class='ocrx_word' id='word_1_95' title='bbox 214 2040 325 2117; x_wconf 89' lang='lat' dir='ltr'>-liter</span> <span class='ocrx_word' id='word_1_96' title='bbox 363 2037 670 2134; x_wconf 69' lang='lat' dir='ltr'>condempnemus</span> <span class='ocrx_word' id='word_1_97' title='bbox 701 2056 769 2133; x_wconf 87' lang='lat' dir='ltr'>per</span> <span class='ocrx_word' id='word_1_98' title='bbox 810 2028 1019 2133; x_wconf 72' lang='lat' dir='ltr'>predidium</span> <span class='ocrx_word' id='word_1_99' title='bbox 1055 2030 1259 2121; x_wconf 77' lang='lat' dir='ltr'>Dominum</span> <span class='ocrx_word' id='word_1_100' title='bbox 1316 2104 1321 2119; x_wconf 80' lang='grc'><strong>,</strong></span> 
     </span>
     <span class='ocr_line' id='line_1_16' title="bbox 232 2146 1257 2255; baseline -0.006 -23"><span class='ocrx_word' id='word_1_101' title='bbox 232 2154 403 2233; x_wconf 87' lang='lat' dir='ltr'>nostrum</span> <span class='ocrx_word' id='word_1_102' title='bbox 421 2147 642 2249; x_wconf 55' lang='lat' dir='ltr'>&gt;Episcopum</span> <span class='ocrx_word' id='word_1_103' title='bbox 662 2149 720 2225; x_wconf 87' lang='lat' dir='ltr'>vel</span> <span class='ocrx_word' id='word_1_104' title='bbox 739 2168 807 2248; x_wconf 86' lang='lat' dir='ltr'>pet</span> <span class='ocrx_word' id='word_1_105' title='bbox 827 2168 892 2237; x_wconf 79' lang='lat' dir='ltr'>nos</span> <span class='ocrx_word' id='word_1_106' title='bbox 906 2146 946 2226; x_wconf 90' lang='lat' dir='ltr'>in</span> <span class='ocrx_word' id='word_1_107' title='bbox 962 2146 1164 2255; x_wconf 86' lang='lat' dir='ltr'>remedium</span> <span class='ocrx_word' id='word_1_108' title='bbox 1179 2148 1257 2226; x_wconf 88' lang='lat' dir='ltr'>ani-</span> 
     </span>
     <span class='ocr_line' id='line_1_17' title="bbox 133 2257 1412 2362; baseline -0.003 -21"><span class='ocrx_word' id='word_1_109' title='bbox 133 2328 138 2341; x_wconf 94' lang='lat'><em>.</em></span> <span class='ocrx_word' id='word_1_110' title='bbox 231 2288 301 2345; x_wconf 89' lang='lat' dir='ltr'>me</span> <span class='ocrx_word' id='word_1_111' title='bbox 326 2258 433 2340; x_wconf 83' lang='lat' dir='ltr'>occist</span> <span class='ocrx_word' id='word_1_112' title='bbox 461 2257 600 2336; x_wconf 89' lang='lat' dir='ltr'>utiliter</span> <span class='ocrx_word' id='word_1_113' title='bbox 626 2258 882 2362; x_wconf 81' lang='lat' dir='ltr'>convertendis</span> <span class='ocrx_word' id='word_1_114' title='bbox 910 2258 1107 2337; x_wconf 88' lang='lat' dir='ltr'>secundum</span> <span class='ocrx_word' id='word_1_115' title='bbox 1141 2260 1260 2339; x_wconf 87' lang='lat' dir='ltr'>sacro·</span> <span class='ocrx_word' id='word_1_116' title='bbox 1348 2278 1352 2283; x_wconf 86' lang='grc'><strong><em>·</em></strong></span> <span class='ocrx_word' id='word_1_117' title='bbox 1410 2345 1412 2356; x_wconf 17' lang='grc' dir='ltr'><em>Α</em></span> 
     </span>
     <span class='ocr_line' id='line_1_18' title="bbox 153 2366 1272 2472; baseline -0.006 -12"><span class='ocrx_word' id='word_1_118' title='bbox 153 2425 156 2431; x_wconf 92' lang='grc'><strong>-</strong></span> <span class='ocrx_word' id='word_1_119' title='bbox 230 2403 323 2463; x_wconf 90' lang='lat' dir='ltr'>rum</span> <span class='ocrx_word' id='word_1_120' title='bbox 367 2393 545 2453; x_wconf 70' lang='lat' dir='ltr'>moenum</span> <span class='ocrx_word' id='word_1_121' title='bbox 578 2370 855 2450; x_wconf 69' lang='lat' dir='ltr'>consimciones</span> <span class='ocrx_word' id='word_1_122' title='bbox 886 2395 998 2472; x_wconf 88' lang='lat' dir='ltr'>penas</span> <span class='ocrx_word' id='word_1_123' title='bbox 1031 2366 1272 2454; x_wconf 78' lang='lat' dir='ltr'>sacerdotum</span> 
     </span>
     <span class='ocr_line' id='line_1_19' title="bbox 152 2481 1258 2592; baseline -0.001 -20"><span class='ocrx_word' id='word_1_124' title='bbox 152 2507 156 2512; x_wconf 83' lang='grc'><strong>’</strong></span> <span class='ocrx_word' id='word_1_125' title='bbox 220 2488 470 2592; x_wconf 78' lang='lat' dir='ltr'>occisoribus</span> <span class='ocrx_word' id='word_1_126' title='bbox 488 2484 626 2564; x_wconf 72' lang='lat' dir='ltr'>debitas</span> <span class='ocrx_word' id='word_1_127' title='bbox 649 2481 872 2592; x_wconf 71' lang='lat' dir='ltr'>infligentes.</span> <span class='ocrx_word' id='word_1_128' title='bbox 929 2486 1023 2564; x_wconf 88' lang='lat' dir='ltr'>Item</span> <span class='ocrx_word' id='word_1_129' title='bbox 1048 2486 1258 2587; x_wconf 73' lang='lat' dir='ltr'>predictum</span> 
     </span>
     <span class='ocr_line' id='line_1_20' title="bbox 233 2596 1259 2709; baseline -0.001 -24"><span class='ocrx_word' id='word_1_130' title='bbox 233 2605 403 2685; x_wconf 89' lang='lat' dir='ltr'>villicum</span> <span class='ocrx_word' id='word_1_131' title='bbox 431 2600 466 2677; x_wconf 77' lang='lat' dir='ltr'>u</span> <span class='ocrx_word' id='word_1_132' title='bbox 493 2596 769 2679; x_wconf 70' lang='lat' dir='ltr'>malefactorem</span> <span class='ocrx_word' id='word_1_133' title='bbox 793 2599 1033 2709; x_wconf 73' lang='lat' dir='ltr'>ostendlmus‚</span> <span class='ocrx_word' id='word_1_134' title='bbox 1066 2603 1259 2687; x_wconf 83' lang='lat' dir='ltr'>denuncia-</span> 
     </span>
     <span class='ocr_line' id='line_1_21' title="bbox 233 2710 1396 2817; baseline -0.003 -14"><span class='ocrx_word' id='word_1_135' title='bbox 233 2746 319 2803; x_wconf 83' lang='lat' dir='ltr'>mus</span> <span class='ocrx_word' id='word_1_136' title='bbox 334 2715 452 2797; x_wconf 85' lang='lat' dir='ltr'>officio</span> <span class='ocrx_word' id='word_1_137' title='bbox 470 2716 557 2810; x_wconf 75' lang='lat' dir='ltr'>suo,</span> <span class='ocrx_word' id='word_1_138' title='bbox 581 2715 619 2793; x_wconf 90' lang='lat' dir='ltr'>in</span> <span class='ocrx_word' id='word_1_139' title='bbox 635 2739 707 2814; x_wconf 90' lang='lat' dir='ltr'>quo</span> <span class='ocrx_word' id='word_1_140' title='bbox 726 2714 893 2814; x_wconf 77' lang='lat' dir='ltr'>deliquit,</span> <span class='ocrx_word' id='word_1_141' title='bbox 918 2710 1124 2814; x_wconf 78' lang='lat' dir='ltr'>privatum,</span> <span class='ocrx_word' id='word_1_142' title='bbox 1149 2716 1257 2799; x_wconf 76' lang='lat' dir='ltr'>uni·</span> <span class='ocrx_word' id='word_1_143' title='bbox 1392 2804 1396 2817; x_wconf 75' lang='lat'><em>,</em></span> 
     </span>
     <span class='ocr_line' id='line_1_22' title="bbox 234 2827 1318 2932; baseline 0.001 -19"><span class='ocrx_word' id='word_1_144' title='bbox 234 2832 435 2920; x_wconf 74' lang='lat' dir='ltr'>nilominus</span> <span class='ocrx_word' id='word_1_145' title='bbox 463 2827 637 2908; x_wconf 87' lang='lat' dir='ltr'>smuando</span> <span class='ocrx_word' id='word_1_146' title='bbox 659 2830 775 2932; x_wconf 91' lang='lat' dir='ltr'>ipsum</span> <span class='ocrx_word' id='word_1_147' title='bbox 800 2829 986 2931; x_wconf 87' lang='lat' dir='ltr'>privamus</span> <span class='ocrx_word' id='word_1_148' title='bbox 1005 2832 1168 2931; x_wconf 83' lang='lat' dir='ltr'>quolibet</span> <span class='ocrx_word' id='word_1_149' title='bbox 1181 2834 1261 2914; x_wconf 86' lang='lat' dir='ltr'>olii·</span> <span class='ocrx_word' id='word_1_150' title='bbox 1313 2828 1318 2861; x_wconf 79' lang='lat'><strong><em>‘</em></strong></span> 
     </span>
     <span class='ocr_line' id='line_1_23' title="bbox 238 2944 1260 3050; baseline -0.006 -19"><span class='ocrx_word' id='word_1_151' title='bbox 238 2953 300 3032; x_wconf 92' lang='lat' dir='ltr'>cio</span> <span class='ocrx_word' id='word_1_152' title='bbox 321 2945 590 3049; x_wconf 86' lang='lat' dir='ltr'>procurationis</span> <span class='ocrx_word' id='word_1_153' title='bbox 617 2945 679 3025; x_wconf 90' lang='lat' dir='ltr'>seu</span> <span class='ocrx_word' id='word_1_154' title='bbox 706 2944 919 3047; x_wconf 82' lang='lat' dir='ltr'>findicatus,</span> <span class='ocrx_word' id='word_1_155' title='bbox 946 2967 998 3027; x_wconf 85' lang='lat' dir='ltr'>ne</span> <span class='ocrx_word' id='word_1_156' title='bbox 1015 2946 1152 3048; x_wconf 89' lang='lat' dir='ltr'>aliquid</span> <span class='ocrx_word' id='word_1_157' title='bbox 1171 2970 1260 3050; x_wconf 87' lang='lat' dir='ltr'>pre·</span> 
     </span>
     <span class='ocr_line' id='line_1_24' title="bbox 202 3059 1260 3165; baseline 0.005 -26"><span class='ocrx_word' id='word_1_158' title='bbox 202 3102 207 3112; x_wconf 91' lang='lat'>·</span> <span class='ocrx_word' id='word_1_159' title='bbox 241 3062 427 3149; x_wconf 73' lang='lat' dir='ltr'>diciorum</span> <span class='ocrx_word' id='word_1_160' title='bbox 443 3059 644 3140; x_wconf 87' lang='lat' dir='ltr'>officiorum</span> <span class='ocrx_word' id='word_1_161' title='bbox 669 3064 727 3139; x_wconf 88' lang='lat' dir='ltr'>vel</span> <span class='ocrx_word' id='word_1_162' title='bbox 745 3059 914 3141; x_wconf 75' lang='lat' dir='ltr'>similium</span> <span class='ocrx_word' id='word_1_163' title='bbox 930 3061 1187 3165; x_wconf 84' lang='lat' dir='ltr'>imposterum,</span> <span class='ocrx_word' id='word_1_164' title='bbox 1213 3066 1260 3145; x_wconf 89' lang='lat' dir='ltr'>de</span> 
     </span>
    </p>
   </div>
   <div class='ocr_carea' id='block_1_2' title="bbox 133 3172 1382 3699">
    <p class='ocr_par' dir='ltr' id='par_1_10' title="bbox 133 3172 1382 3613">
     <span class='ocr_line' id='line_1_25' title="bbox 171 3172 1357 3289; baseline 0.003 -33"><span class='ocrx_word' id='word_1_165' title='bbox 171 3277 175 3282; x_wconf 18' lang='grc' dir='ltr'>ι</span> <span class='ocrx_word' id='word_1_166' title='bbox 238 3177 342 3257; x_wconf 69' lang='lat' dir='ltr'>sallo</span> <span class='ocrx_word' id='word_1_167' title='bbox 358 3198 441 3253; x_wconf 90' lang='lat' dir='ltr'>cum</span> <span class='ocrx_word' id='word_1_168' title='bbox 458 3176 497 3251; x_wconf 88' lang='lat' dir='ltr'>id</span> <span class='ocrx_word' id='word_1_169' title='bbox 515 3172 655 3274; x_wconf 80' lang='lat' dir='ltr'>dejure</span> <span class='ocrx_word' id='word_1_170' title='bbox 674 3200 747 3254; x_wconf 89' lang='lat' dir='ltr'>non</span> <span class='ocrx_word' id='word_1_171' title='bbox 768 3197 899 3277; x_wconf 87' lang='lat' dir='ltr'>gerere</span> <span class='ocrx_word' id='word_1_172' title='bbox 915 3178 972 3255; x_wconf 88' lang='lat' dir='ltr'>vel</span> <span class='ocrx_word' id='word_1_173' title='bbox 989 3174 1166 3258; x_wconf 77' lang='lat' dir='ltr'>assumere</span> <span class='ocrx_word' id='word_1_174' title='bbox 1180 3179 1286 3289; x_wconf 87' lang='lat' dir='ltr'>pos·</span> <span class='ocrx_word' id='word_1_175' title='bbox 1353 3234 1357 3241; x_wconf 87' lang='lat'>-</span> 
     </span>
     <span class='ocr_line' id='line_1_26' title="bbox 236 3287 1382 3390; baseline -0.007 -16"><span class='ocrx_word' id='word_1_176' title='bbox 236 3290 357 3374; x_wconf 74' lang='lat' dir='ltr'>situel</span> <span class='ocrx_word' id='word_1_177' title='bbox 375 3288 422 3362; x_wconf 90' lang='lat' dir='ltr'>ab</span> <span class='ocrx_word' id='word_1_178' title='bbox 443 3288 569 3365; x_wconf 87' lang='lat' dir='ltr'>eadem</span> <span class='ocrx_word' id='word_1_179' title='bbox 587 3289 646 3365; x_wconf 88' lang='lat' dir='ltr'>vel</span> <span class='ocrx_word' id='word_1_180' title='bbox 661 3289 782 3387; x_wconf 90' lang='lat' dir='ltr'>aliquo</span> <span class='ocrx_word' id='word_1_181' title='bbox 803 3288 861 3364; x_wconf 91' lang='lat' dir='ltr'>vel</span> <span class='ocrx_word' id='word_1_182' title='bbox 882 3287 1062 3389; x_wconf 91' lang='lat' dir='ltr'>aliquibus</span> <span class='ocrx_word' id='word_1_183' title='bbox 1077 3288 1181 3390; x_wconf 84' lang='lat' dir='ltr'>pollrt</span> <span class='ocrx_word' id='word_1_184' title='bbox 1195 3290 1260 3369; x_wconf 87' lang='lat' dir='ltr'>eli·</span> <span class='ocrx_word' id='word_1_185' title='bbox 1377 3324 1382 3337; x_wconf 36' lang='grc' dir='ltr'><strong>ι</strong></span> 
     </span>
     <span class='ocr_line' id='line_1_27' title="bbox 133 3393 1292 3507; baseline 0.004 -30"><span class='ocrx_word' id='word_1_186' title='bbox 133 3472 136 3477; x_wconf 87' lang='grc'>.</span> <span class='ocrx_word' id='word_1_187' title='bbox 236 3399 359 3507; x_wconf 80' lang='lat' dir='ltr'>gruel</span> <span class='ocrx_word' id='word_1_188' title='bbox 376 3393 502 3475; x_wconf 80' lang='lat' dir='ltr'>assumi</span> <span class='ocrx_word' id='word_1_189' title='bbox 524 3396 694 3476; x_wconf 74' lang='lat' dir='ltr'>callintes</span> <span class='ocrx_word' id='word_1_190' title='bbox 722 3397 810 3477; x_wconf 86' lang='lat' dir='ltr'>vel</span> <span class='ocrx_word' id='word_1_191' title='bbox 798 3396 1007 3493; x_wconf 75' lang='lat' dir='ltr'>irritantes,</span> <span class='ocrx_word' id='word_1_192' title='bbox 1039 3397 1065 3477; x_wconf 84' lang='lat' dir='ltr'><strong>fi</strong></span> <span class='ocrx_word' id='word_1_193' title='bbox 1055 3400 1171 3500; x_wconf 83' lang='lat' dir='ltr'>rquid</span> <span class='ocrx_word' id='word_1_194' title='bbox 1189 3423 1292 3499; x_wconf 87' lang='lat' dir='ltr'>per</span> 
     </span>
     <span class='ocr_line' id='line_1_28' title="bbox 242 3504 1267 3699; baseline 0 -107"><span class='ocrx_word' id='word_1_195' title='bbox 242 3513 441 3641; x_wconf 83' lang='lat' dir='ltr'>eundem</span> <span class='ocrx_word' id='word_1_196' title='bbox 430 3511 619 3607; x_wconf 83' lang='lat' dir='ltr'>malique</span> <span class='ocrx_word' id='word_1_197' title='bbox 648 3509 851 3591; x_wconf 88' lang='lat' dir='ltr'>officiorum</span> <span class='ocrx_word' id='word_1_198' title='bbox 855 3506 1110 3699; x_wconf 31' lang='lat' dir='ltr'>&#39;&#39;limpostcrum</span> <span class='ocrx_word' id='word_1_199' title='bbox 1142 3504 1267 3625; x_wconf 79' lang='lat' dir='ltr'>&#39;fuerit</span> 
     </span>
    </p>
   </div>
   <div class='ocr_carea' id='block_1_3' title="bbox 119 3649 1455 4291">
    <p class='ocr_par' dir='ltr' id='par_1_11' title="bbox 119 3649 1455 4291">
     <span class='ocr_line' id='line_1_29' title="bbox 154 3649 1275 3843; baseline 0 -26"><span class='ocrx_word' id='word_1_200' title='bbox 154 3821 158 3831; x_wconf 74' lang='grc'>,</span> <span class='ocrx_word' id='word_1_201' title='bbox 243 3738 389 3843; x_wconf 74' lang='lat' dir='ltr'>puntlis</span> <span class='ocrx_word' id='word_1_202' title='bbox 405 3740 494 3814; x_wconf 86' lang='lat' dir='ltr'>adeo</span> <span class='ocrx_word' id='word_1_203' title='bbox 511 3760 557 3816; x_wconf 86' lang='lat' dir='ltr'>ex</span> <span class='ocrx_word' id='word_1_204' title='bbox 570 3752 722 3840; x_wconf 81' lang='lat' dir='ltr'>cruenta</span> <span class='ocrx_word' id='word_1_205' title='bbox 738 3727 898 3820; x_wconf 75' lang='lat' dir='ltr'>manuum</span> <span class='ocrx_word' id='word_1_206' title='bbox 869 3649 1138 3835; x_wconf 72' lang='lat' dir='ltr'>rinjediione</span> <span class='ocrx_word' id='word_1_207' title='bbox 1126 3760 1165 3815; x_wconf 86' lang='lat' dir='ltr'>sn</span> <span class='ocrx_word' id='word_1_208' title='bbox 1176 3740 1275 3817; x_wconf 87' lang='lat' dir='ltr'>Cle</span> 
     </span>
     <span class='ocr_line' id='line_1_30' title="bbox 152 3848 1261 3969; baseline -0.003 -33"><span class='ocrx_word' id='word_1_209' title='bbox 152 3952 161 3969; x_wconf 21' lang='grc' dir='ltr'>ἱ</span> <span class='ocrx_word' id='word_1_210' title='bbox 244 3855 363 3936; x_wconf 79' lang='lat' dir='ltr'>ticum</span> <span class='ocrx_word' id='word_1_211' title='bbox 393 3852 523 3952; x_wconf 86' lang='lat' dir='ltr'>ligatus</span> <span class='ocrx_word' id='word_1_212' title='bbox 549 3850 659 3951; x_wconf 90' lang='lat' dir='ltr'>ipso</span> <span class='ocrx_word' id='word_1_213' title='bbox 643 3875 727 3953; x_wconf 81' lang='lat' dir='ltr'>Jure</span> <span class='ocrx_word' id='word_1_214' title='bbox 751 3877 774 3932; x_wconf 88' lang='lat' dir='ltr'>a</span> <span class='ocrx_word' id='word_1_215' title='bbox 799 3850 959 3952; x_wconf 88' lang='lat' dir='ltr'>quolibet</span> <span class='ocrx_word' id='word_1_216' title='bbox 980 3848 1065 3933; x_wconf 72' lang='lat' dir='ltr'>adiu</span> <span class='ocrx_word' id='word_1_217' title='bbox 1089 3853 1261 3954; x_wconf 89' lang='lat' dir='ltr'>legitimo</span> 
     </span>
     <span class='ocr_line' id='line_1_31' title="bbox 119 3964 1293 4069; baseline -0.004 -21"><span class='ocrx_word' id='word_1_218' title='bbox 119 3966 122 3973; x_wconf 77' lang='grc'><strong>’</strong></span> <span class='ocrx_word' id='word_1_219' title='bbox 245 3966 289 4047; x_wconf 84' lang='lat' dir='ltr'>stt</span> <span class='ocrx_word' id='word_1_220' title='bbox 313 3968 502 4067; x_wconf 75' lang='lat' dir='ltr'>exclusus,</span> <span class='ocrx_word' id='word_1_221' title='bbox 522 3966 560 4043; x_wconf 80' lang='lat' dir='ltr'>dt</span> <span class='ocrx_word' id='word_1_222' title='bbox 575 3990 623 4046; x_wconf 90' lang='lat' dir='ltr'>ne</span> <span class='ocrx_word' id='word_1_223' title='bbox 645 3968 765 4048; x_wconf 82' lang='lat' dir='ltr'>minus</span> <span class='ocrx_word' id='word_1_224' title='bbox 790 3964 951 4047; x_wconf 76' lang='lat' dir='ltr'>vindidie</span> <span class='ocrx_word' id='word_1_225' title='bbox 969 3968 1258 4069; x_wconf 77' lang='lat' dir='ltr'>quames&#39;tcelsus</span> <span class='ocrx_word' id='word_1_226' title='bbox 1280 4021 1293 4043; x_wconf 62' lang='grc' dir='ltr'><strong>ι</strong></span> 
     </span>
     <span class='ocr_line' id='line_1_32' title="bbox 168 4080 1455 4190; baseline -0.006 -20"><span class='ocrx_word' id='word_1_227' title='bbox 168 4095 172 4102; x_wconf 88' lang='grc'><strong>’</strong></span> <span class='ocrx_word' id='word_1_228' title='bbox 246 4082 425 4169; x_wconf 77' lang='lat' dir='ltr'>memoria</span> <span class='ocrx_word' id='word_1_229' title='bbox 439 4098 677 4190; x_wconf 78' lang='lat' dir='ltr'>prorogetur,</span> <span class='ocrx_word' id='word_1_230' title='bbox 694 4107 770 4166; x_wconf 89' lang='grc' dir='ltr'><strong>ιιοιι</strong></span> <span class='ocrx_word' id='word_1_231' title='bbox 784 4080 897 4167; x_wconf 86' lang='lat' dir='ltr'>solutu</span> <span class='ocrx_word' id='word_1_232' title='bbox 911 4082 1030 4189; x_wconf 83' lang='lat' dir='ltr'>ipsum</span> <span class='ocrx_word' id='word_1_233' title='bbox 1043 4083 1256 4169; x_wconf 59' lang='lat' dir='ltr'>malesano·</span> <span class='ocrx_word' id='word_1_234' title='bbox 1311 4109 1320 4147; x_wconf 74' lang='grc' dir='ltr'>ι</span> <span class='ocrx_word' id='word_1_235' title='bbox 1454 4134 1455 4139; x_wconf 20' lang='grc' dir='ltr'><strong><em>κ</em></strong></span> 
     </span>
     <span class='ocr_line' id='line_1_33' title="bbox 1153 4211 1393 4291; baseline -0.004 -7"><span class='ocrx_word' id='word_1_236' title='bbox 1153 4218 1308 4291; x_wconf 33' lang='lat' dir='ltr'>tems·</span> <span class='ocrx_word' id='word_1_237' title='bbox 1388 4211 1393 4221; x_wconf 84' lang='grc'><strong>’</strong></span> 
     </span>
    </p>
   </div>
   <div class='ocr_carea' id='block_1_4' title="bbox 0 0 1570 4934">
    <p class='ocr_par' dir='ltr' id='par_1_12' title="bbox 0 0 1570 4934">
     <span class='ocr_line' id='line_1_34' title="bbox 0 0 1570 4934; baseline 0 0"><span class='ocrx_word' id='word_1_238' title='bbox 0 0 1570 4934; x_wconf 95' lang='lat' dir='ltr'> </span> 
     </span>
    </p>
   </div>
  </div>
 </body>
</html>
