3125 4934
329 432 401 516 ιιι
744 416 916 501 4³²0

329 598 438 690 dum,
473 594 512 672 dr
538 592 572 671 ei
596 591 701 694 J'uxta
727 598 788 680 SS.
819 594 1025 679 Concilium
1049 592 1348 691 Tridentinum,

324 711 489 807 adeoque
511 706 694 787 Dioecelis
710 708 813 812 hujus
829 709 1027 789 Basileusrs
1044 710 1080 789 dr
1096 713 1229 789 horum
1244 728 1338 787 tem·

324 845 460 921 porum
488 820 693 900 evidentem
720 824 987 919 necessrtatem,
1014 828 1133 924 quoad
1159 822 1235 924 ejus
1258 824 1338 905 fieri
1420 848 1441 857 ’·

357 956 474 1019 oterat
488 935 629 1017 rethar'n
645 941 824 1021 rationem
841 943 1003 1038 vivendi,
1027 930 1202 1043 populum
1218 938 1257 1017 in
1271 942 1339 1017 Ca-

317 966 461 1159 gholica
497 1052 570 1131 fide
601 1054 779 1150 docendI,
825 1055 860 1132 dr
892 1055 1200 1132 sacramentorum
1231 1052 1339 1131 urini-

325 1163 553 1249 slrandorum
575 1172 746 1266 modum,
778 1192 887 1267 quern
906 1168 1138 1268 sequeretur,
1165 1168 1338 1269 praescri·

325 1278 486 1363 bendum
511 1275 580 1368 effe
603 1280 837 1383 potavimus:
886 1284 997 1382 idque
1023 1288 1170 1362 decrero
1196 1284 1336 1388 synodi,

323 1419 436 1495 quarn
450 1396 520 1472 hoc
533 1394 592 1470 die
606 1394 643 1473 dr
659 1399 756 1494 loco,
781 1412 823 1476 ut
843 1398 904 1475 lex
919 1394 1186 1473 convocationis
1207 1395 1338 1474 litteris

325 1512 450 1619 patet,
474 1507 513 1587 in
529 1506 606 1587 Dei
618 1510 767 1589 nomine
779 1509 1034 1589 celebrandam
1052 1510 1263 1589 indiximus.
1355 1564 1358 1571 ,

398 1676 443 1793 ιι
461 1715 590 1811 arama
606 1714 827 1795 authoritate
844 1714 878 1791 s.
893 1712 939 1789 n.
955 1710 1002 1825 n.
1022 1712 1182 1807 anegare
1203 1713 1336 1798 Pontis.

325 1822 431 1911 Max.
448 1830 510 1929 qui
526 1852 595 1929 pro
612 1830 673 1908 suo
690 1832 880 1927 preaclaro
905 1828 938 1905 dc
957 1847 1138 1926 nunqnam
1157 1830 1237 1909 satis
1258 1837 1339 1913 lau-

325 1945 410 2019 dato
428 1966 516 2043 erga
536 1944 800 2045 rempublicam
822 1939 1047 2019 christianam
1074 1942 1219 2020 studio
1203 1970 1337 2043 J-uvan

325 2062 463 2179 daeque
484 2057 616 2135 Christi
641 2058 788 2157 sponsae
801 2050 1086 2173 curasrngulari,
1108 2076 1242 2137 utrem
1260 2064 1340 2157 prl-

325 2170 387 2250 mo‘
410 2190 553 2268 quoque
570 2183 736 2267 ternpore
754 2162 950 2260 haberem,
988 2190 1054 2264 pet
1074 2168 1151 2245 suos
1171 2172 1336 2253 Nuntios

325 2282 579 2376 mandaverat,
618 2276 678 2363 cui
702 2299 771 2387 ego
792 2302 862 2379 pra
890 2302 933 2357 eo
951 2304 998 2359 ne
1025 2278 1135 2361 debui
1151 2285 1245 2384 pari
1240 2280 1337 2369 sane

322 2414 398 2494 non
420 2388 567 2473 invitus.

395 2600 476 2701 Jam
497 2626 587 2684 vero
615 2599 746 2684 horror
766 2623 833 2683 vos
857 2614 1007 2699 omncs,
1040 2601 1334 2703 quandoquidem

324 2716 454 2801 videtis
475 2718 562 2819 ipsr,
594 2733 726 2819 quanta
742 2740 807 2796 nos
822 2716 915 2793 mala
934 2714 1188 2814 circumstent,
1223 2736 1335 2817 quam

283 2832 291 2850 ’
322 2836 438 2921 foedis
459 2839 495 2918 dr
517 2831 707 2918 horrendis
733 2834 949 2915 Haeresrbus
974 2848 1128 2913 veretur
1161 2836 1332 2931 Eccleda,

325 2954 450 3050 quanti
476 2947 544 3029 sant
565 2964 773 3048 motusper
796 2948 961 3025 sathanae
979 2948 1157 3024 ministros
1181 2948 1217 3023 in
1238 2950 1333 3023 relli-
1378 2954 1381 2975 ’·

326 3070 437 3169 gione
465 3065 504 3141 dc
531 3058 719 3163 republica
742 3058 931 3139 christiana
956 3057 1139 3156 excitati,
1195 3078 1236 3137 ιιι
1255 3056 1332 3156 jam

323 3183 470 3263 tandem
495 3180 589 3255 male
615 3177 764 3253 vivendi
793 3176 899 3253 linem
929 3172 1126 3265 faciamus,
1159 3172 1332 3270 pietatem
1385 3244 1389 3250 .

326 3300 486 3373 colamus
509 3286 686 3381 universr,
739 3282 852 3365 vitam
876 3282 1028 3366 nostram
1053 3290 1098 3362 ad
1123 3300 1225 3364 exem
1231 3290 1331 3401 plum
1383 3300 1387 3309 '

322 3414 481 3491 filiorum
503 3403 836 3503 Dciinliituamus,
871 3399 1026 3485 officium
1051 3407 1149 3481 lirum
1137 3394 1331 3503 rquisque
1367 3490 1369 3493 ,

321 3520 498 3624 impleat,
522 3522 657 3623 populo
683 3526 729 3597 ad
745 3520 965 3599 honestatem
982 3523 1089 3598 duces
1112 3518 1239 3613 strum,
1266 3516 1330 3593 loli

323 3637 406 3721 Deo
436 3637 724 3735 adhaereamus,
760 3653 923 3734 ¹eumque
953 3634 1081 3713 nostris
1112 3632 1212 3707 callis
1246 3646 1329 3727 pre·

323 3758 425 3835 cibus
444 3749 478 3834 tlt
496 3750 700 3852 sacrificiis,
735 3776 843 3853 aegre
870 3750 955 3829 huie
980 3749 1155 3851 squalenti
1187 3742 1328 3843 patriae
1458 3742 1459 3747 ‘

322 3873 478 3966 nostrae,
488 3874 667 3970 placatum
677 3870 831 3947 reddere
847 3868 1073 3961 studeamusq
1098 3888 1169 3962 quo
1186 3862 1239 3937 ira
1253 3859 1327 3958 ejus

319 3993 470 4072 anobis
492 3987 638 4081 aversa,
662 3998 730 4065 nus
743 3990 789 4061 ad
812 3987 847 4064 se
864 3980 1071 4075 convertat,
1109 3996 1225 4057 motus
1244 3972 1351 4075 illos¹

320 4106 548 4209 tranquillet,
573 4100 751 4189 Ecclesrae
769 4098 928 4203 quietem
945 4100 1097 4193 condat,
1121 4089 1326 4289 haergfibus

1242 4230 1327 4289 nent
