3125 4934
355 360 433 460 ηε
772 353 945 446 Η

355 548 396 617 to
409 558 455 615 ac
469 532 777 643 pironunoiacione
798 538 994 637 festorum,
1029 524 1259 637 expolitione
1277 554 1362 613 ora·

353 650 471 733 donis
506 652 710 751 dominice,
758 652 912 758 symboli
936 651 1178 756 apostolorum
1216 646 1362 751 vulgari

295 808 302 815 ’
330 821 332 825 -
353 786 510 867 querere
527 790 600 854 non
615 767 825 866 omittatur,
858 767 1031 847 aliavero
1048 764 1212 867 suppleat
1225 764 1362 843 discre-

353 879 409 959 tio
426 879 676 963 examinantis.
722 883 827 989 Qud
843 884 956 961 rudius
971 874 1173 977 investiatur
1184 880 1249 984 ulfi
1258 879 1363 979 'prinu

349 1012 417 1098 per
430 992 927 1098 illumollenfissomnotis'sois.
975 996 1069 1075 Item
1082 998 1269 1099 volumus,
1295 997 1364 1071 sta·

354 1107 490 1189 tuimur
506 1108 542 1189 dr
560 1108 768 1189 ordinamus
785 1110 924 1207 eciam,
956 1125 996 1189 ut
1009 1110 1108 1189 idern
1125 1109 1282 1189 vicarius
1301 1109 1365 1187 seu

351 1217 521 1322 figillifet
548 1225 670 1309 noster
696 1228 836 1309 nullum
860 1226 1050 1322 investiat,
1082 1224 1144 1307 stru
1165 1227 1212 1304 ad
1233 1248 1365 1304 euram

355 1336 562 1442 arrimarum
587 1341 769 1440 instituat,
799 1354 862 1419 ant
890 1338 1006 1419 eciam
1031 1341 1077 1419 ad
1102 1339 1200 1417 aliud
1223 1336 1366 1415 benesi-

355 1452 455 1541 cium
472 1460 735 1557 quodcunque,
762 1453 829 1535 nist
843 1478 911 1555 pro
928 1477 1029 1535 nrore
1044 1469 1129 1533 ante
1145 1455 1267 1532 omnia
1281 1452 1365 1532 talis

197 1584 205 1599 ·
281 1589 287 1598 ⁴
355 1571 404 1648 de
421 1568 490 1650 suis
512 1572 627 1656 literis
648 1569 816 1650 formatis
835 1572 979 1670 quando
1002 1570 1149 1670 quidem
1167 1570 1238 1647 rite
1259 1570 1367 1649 dale-

355 1682 486 1788 gitirne
514 1684 558 1765 dt
585 1700 796 1791 promotus,¹
840 1687 916 1761 Nos
938 1699 1001 1763 aut
1028 1681 1145 1784 ipsum
1170 1682 1365 1765 informet.

354 1798 416 1877 De
444 1800 640 1879 aaronem
667 1794 950 1895 Inotsiiendortrm
980 1796 1031 1873 ad
1065 1816 1193 1875 curam
1267 1798 1366 1879 Item

356 1908 525 1994 nolumus
553 1916 589 1995 dr
618 1915 851 2012 ordinamus,
883 1914 980 2013 quod
1005 1913 1051 1989 ad
1076 1937 1201 1992 curam
1226 1915 1366 1995 anima·

355 2039 440 2108 rum
462 2029 702 2130 investiendus
720 2030 758 2109 in
778 2053 905 2109 manus
920 2028 1055 2107 nostras
1074 2046 1138 2107 aut
1153 2030 1279 2108 vicarii
1296 2057 1366 2111 no-

238 2144 245 2153 ’
356 2145 421 2223 stri
443 2148 631 2251 corporale
650 2144 898 2247 juramentum
920 2144 1054 2243 prestat
1082 2146 1127 2221 ad
1150 2143 1366 2225 andanei

353 2258 579 2361 Evangelia,
611 2261 656 2339 de
673 2258 799 2355 nobis,
813 2334 816 2339 ,
830 2257 958 2335 nostris
974 2281 1017 2334 ac
1035 2254 1290 2339 successdribus
1309 2256 1369 2333 vi·
1446 2258 1447 2315 l

354 2368 465 2449 cariis
487 2394 530 2481 ac
552 2371 763 2452 officialibus
784 2369 911 2447 nostris
933 2368 1137 2447 obediendo
1157 2368 1192 2445 di
1212 2370 1383 2451 manda-1

214 2585 220 2589 .
355 2482 553 2583 tisnostris,
578 2484 820 2566 &eorundem
834 2482 1037 2561 nostrorum
1050 2480 1256 2561 officialium
1270 2482 1367 2561 stam

359 2597 405 2673 do
424 2596 661 2698 d'rparendo..
695 2597 850 2699 Quando
866 2594 1010 2694 quidem
1027 2592 1261 2675 residentiam
1275 2620 1365 2697 per-

357 2710 618 2811 sonalemapu'd
634 2732 787 2814 gregem
801 2707 867 2790 sabi
882 2706 1086 2804 comiffum,
1111 2708 1366 2817 drinecclesra

356 2828 578 2947 parochiali,
611 2830 787 2927 adquam
809 2819 995 2905 inuestitus
1024 2822 1096 2917 cst.
1127 2824 1262 2925 faciat,
1295 2829 1366 2909 nist

357 2944 481 3042 forsan
494 2942 545 3018 de
566 2944 685 3021 nostra
699 2960 763 3022 aut
784 2940 912 3019 vicarii
928 2938 1039 3019 nostri
1055 2942 1234 3039 generalis
1250 2942 1364 3022 licen-

360 3060 417 3139 cia
435 3059 599 3160 expressa
613 3077 676 3139 aut
692 3031 1141 3171 juratorurd'superiorum
1157 3061 1367 3142 nostrorum

257 3248 262 3256 .
357 3172 599 3270 ausioritate,
646 3172 913 3273 dispensacione
941 3176 989 3252 ad
1012 3191 1154 3277 tempus
1178 3175 1293 3257 adesse
1316 3200 1367 3255 ex
1435 3168 1439 3182 ’

360 3309 434 3375 tam
447 3290 662 3371 racionabili
683 3290 876 3392 disposuit,
909 3284 1057 3391 &quod
1070 3292 1168 3374 infra
1184 3294 1267 3375 anni
1285 3292 1368 3394 spa-

360 3416 459 3495 cium
485 3412 569 3511 quia
598 3412 657 3491 sue
686 3411 898 3493 investiture
924 3412 985 3492 stu
1012 3416 1205 3520 posesiioue
1232 3422 1365 3519 adepte

361 3527 625 3626 computando,
648 3525 676 3604 fi
695 3526 859 3606 sacerdos
878 3552 951 3607 non
969 3527 1053 3639 stt„
1064 3532 1117 3607 ad·
1125 3530 1366 3613 sacerdotium

360 3638 514 3719 cessante
541 3640 803 3743 impedimento
835 3642 1000 3745 legitimo
1031 3643 1300 3727 irrationabili
1327 3646 1365 3725 se

359 3756 472 3837 faciat
502 3757 739 3857 promoveri,
777 3758 844 3839 nisa
869 3763 914 3838 de
935 3762 1053 3841 nostra
1080 3779 1143 3865 aut
1160 3762 1365 3867 lsuperioris

310 3945 321 3975 Α,
360 3873 473 3986 nostri
487 3873 640 3950 licencia
662 3873 826 3975 expressa
850 3875 956 3955 studii
977 3877 1081 3956 eausa
1095 3878 1140 3955 ad
1156 3877 1368 3957 universate-

362 4003 438 4066 tem
463 3988 619 4083 aliquam
637 3988 716 4065 talis
739 3988 776 4068 se
799 3992 909 4071 vellet
931 3990 1150 4090 transferre,
1173 3995 1259 4091 {quo
1285 3992 1367 4069 casu

566 4092 580 4117 Χ
809 4110 814 4121 “
1274 4110 1370 4186 nihi-
