3125 4934
162 786 166 793 ’
228 808 232 825 ’
365 824 524 914 gantur,
555 814 753 913 providere
770 819 816 892 de
833 811 1059 919 benignitate
1078 820 1167 898 sedis
1187 823 1380 935 apostolice

201 342 207 353 ι
256 316 272 324 ’“
367 361 464 514 Q*
518 388 521 403 ΙΙ
556 353 560 359 ,
678 355 685 366 ,
757 342 759 347 -
789 409 959 497 Η
1153 382 1163 413 ¹

261 596 265 603 ’
294 680 296 685 ,
365 591 456 677 lidio
474 599 574 667 terre
588 586 728 683 anae,
762 615 810 670 ne
832 593 1007 672 sententia
1033 582 1380 681 excommunicatio·

347 705 422 786 ‘nis
447 699 485 778 in
514 700 719 796 detentores
745 699 854 800 ipfins
884 703 1052 782 vicestme
1074 711 1307 808 promulgata
1326 712 1397 840 ιι)

331 933 614 1031 -dignaretnnn
687 925 804 1008 Nos
793 935 925 1033 igitur
934 935 1048 1034 ipsius
1075 929 1164 1014 cleri
1194 926 1380 1072 misenam

228 1088 231 1093 ·
332 1047 646 1140 misericordi-ter
671 1046 903 1146 miserantes,
939 1055 974 1129 oz
1001 1053 1206 1153 paupertati
1231 1074 1379 1154 compa

362 1164 523 1255 cientes,
557 1160 665 1261 ipstus
686 1163 863 1239 oblatam
864 1182 935 1263 per
953 1182 1016 1243 'vos
1036 1172 1082 1244 A.
1101 1165 1136 1243 u
1158 1169 1203 1243 Β.
1225 1168 1378 1244 nuncios

275 1284 277 1289 '
368 1278 563 1381 pecuniam
582 1266 875 1375 acceptavimus,
906 1281 1026 1360 eidem
1049 1281 1230 1382 Episcopo
1246 1260 1379 1357 nostris

270 1472 274 1481 ,
363 1393 488 1469 dantes
505 1388 662 1468 litteris
652 1414 689 1467 tn
706 1391 910 1508 preceptis,
937 1410 977 1472 ut
990 1395 1086 1472 viros
1105 1395 1253 1471 idoneos
1267 1389 1302 1466 dt
1314 1389 1379 1465 ho

359 1506 480 1588 nestos
496 1505 540 1580 de
554 1501 704 1579 civitate
717 1503 762 1578 'ac
778 1502 908 1582 dioce'st
926 1480 1139 1603 supradidlis
1157 1503 1296 1607 eligere
1310 1503 1380 1583 sttr-

362 1625 447 1701 deat
471 1599 544 1695 stne
573 1638 698 1709 mora,
723 1616 786 1714 qni
810 1615 1045 1697 facultatibus
1065 1617 1099 1695 do
1116 1616 1197 1694 aliis
1222 1614 1380 1693 circum·

359 1726 497 1814 stantiis
512 1724 620 1825 ipstus
637 1725 724 1802 cleti
737 1722 946 1826 diligentius
964 1729 1149 1832 indagatis
1165 1743 1295 1805 taxato
1311 1721 1380 1798 llu-

362 1849 495 1934 deant,
531 1836 618 1937 quid
641 1838 685 1912 de
702 1837 1004 1938 solutioneipfius
1018 1840 1174 1941 pecunie
1191 1835 1379 1934 contingat

264 2013 268 2020 .
320 1991 324 2002 ·
363 1949 566 2054 quemlibet
587 1947 802 2024 eorundem,
858 1949 1034 2050 idemque
1048 1942 1142 2051 ipsos
1159 1947 1259 2025 insta
1277 1946 1379 2044 quin·

302 2154 304 2161 ,
362 2064 482 2146 decim
508 2059 684 2157 diospoli
709 2058 956 2158 receptionem
990 2056 1213 2159 presentium
1240 2057 1379 2135 sublato

303 2164 305 2175 '
360 2174 553 2277 cujuslibet
570 2169 867 2256 contradillionis
886 2174 921 2250 de
938 2171 1193 2272 appellationis
1212 2170 1377 2246 obstacu·
1414 2218 1416 2253 ÷

358 2287 422 2390 lo,
452 2290 499 2366 nd
513 2278 552 2364 id
570 2305 638 2386 pet·
656 2285 843 2364 censuram
862 2287 1135 2384 ecclefiasticam
1153 2283 1375 2387 compellere
1414 2286 1416 2299 '

179 2403 196 2427 '‘
306 2452 310 2461 ,
361 2425 437 2488 non
452 2398 607 2488 omittat.
658 2395 841 2496 Quocirca
854 2397 1060 2477 discretioni
1078 2397 1195 2475 vestre
1207 2416 1276 2496 pet·
1288 2419 1376 2498 apo

360 2510 487 2613 stolica
514 2505 647 2602 scripta
672 2505 912 2605 precipiendo
937 2508 1175 2603 mandamus,
1208 2507 1374 2612 quatinus

244 2631 257 2726 j
356 2621 522 2706 sadislus
538 2617 734 2716 Episcopus
753 2626 969 2717 preceptum
987 2619 1148 2723 nostrum
1166 2617 1373 2719 neglexerit

353 2738 584 2834 adimplere,
621 2755 683 2809 vos
716 2730 806 2825 siqui
835 2732 1054 2813 clericorum
1083 2732 1257 2834 ipsorum
1283 2739 1372 2814 ultra

357 2847 569 2975 predislutn
588 2866 727 2944 tempus
750 2844 890 2922 solvere
914 2846 1115 2925 distulerint
1131 2848 1176 2924 de
1193 2871 1371 2930 memora·

357 2978 403 3041 ta
413 2957 570 3061 pecunia
586 2976 729 3057 partem
748 2955 858 3033 suam
868 2974 994 3053 pretet
1020 2960 1368 3041 excommunicatio·

357 3073 416 3154 nis
438 3071 651 3150 sententiam
676 3089 783 3167 quam
809 3068 1019 3165 incurrent,
1057 3091 1104 3147 ex
1130 3086 1219 3148 tunc
1244 3097 1305 3152 eos
1325 3078 1368 3153 ad

356 3189 541 3288 integram
566 3184 787 3265 solucionem
810 3182 978 3260 vicefinte
1000 3205 1069 3283 per
1091 3186 1278 3266 censuram
1304 3175 1368 3268 Ec

356 3296 607 3393 clestasticaut,
634 3278 1098 3397 appellationepostpofita,
1125 3282 1362 3405 compellatis.
1405 3328 1407 3335 ’

338 3399 456 3510 'quod
471 3406 498 3486 fi
513 3431 586 3485 non
602 3408 769 3485 omnibus
789 3400 843 3483 his
863 3400 1081 3504 exequendis
1096 3411 1289 3506 potueritis
1310 3412 1362 3491 in·

261 3603 266 3613 ,
354 3516 504 3617 teress'e,
539 3520 610 3595 duo
632 3518 790 3596 vestrum
815 3541 856 3595 ea
876 3519 1108 3598 nihilominus
1127 3542 1361 3624 exequantur.

352 3639 493 3717 Datum
513 3629 754 3713 titatiildus
769 3628 970 3730 februarii,
1008 3635 1240 3736 pontificatus
1253 3631 1361 3722 nostrl

353 3775 450 3835 anno
473 3763 615 3874 quarto.
825 3771 828 3778 ¹

470 3945 527 4018 13·
540 3922 639 4009 Febr.
708 4036 712 4043 ἡ
