3125 4934
605 415 780 506 Η
963 515 967 520 ,
1133 436 1186 522 dl

123 625 124 628 ¹
200 595 454 696 nummolum,
478 594 568 678 illud
582 593 688 701 Juxta
701 588 1187 699 equitumjmdcconlitetu·

199 711 305 789 dinem
326 711 578 804 distribuetur,
608 710 646 790 dt
665 727 755 789 tunc
777 713 849 789 duo
866 710 1004 808 equites
1023 735 1094 811 pro
1110 738 1185 800 uno

198 821 307 920 equite
325 825 624 904 numerabuntur.
683 827 811 924 Atque
834 823 966 902 suinde
988 824 1185 925 disputatio

197 942 259 1015 eud
274 939 449 1022 diffidium
467 944 627 1039 oriatur,
659 945 756 1040 quod
776 957 983 1021 tamennon
998 946 1108 1024 deoet
1121 949 1186 1028 fle·

194 1055 242 1152 ri,
270 1057 356 1136 tunc
372 1061 418 1136 ad
436 1055 717 1157 consopiendutn
732 1054 767 1132 dr
784 1060 1081 1158 complacandum
1096 1065 1185 1144 illud

195 1163 433 1269 compromilli
450 1175 646 1274 deputetur
667 1172 805 1250 duobus
824 1171 1011 1272 Dominis,
1040 1179 1110 1276 nui
1129 1179 1186 1260 ita

193 1287 385 1369 uDuminis
413 1290 453 1368 in
475 1287 736 1368 Hildcshonium
758 1291 1080 1386 inornandum
1098 1294 1182 1373 mit)
1319 1309 1323 1317 '

122 1405 123 1412 ‘
192 1415 322 1499 untur,
366 1427 436 1483 nec
459 1403 578 1482 minus
603 1402 810 1480 honorabili
831 1404 967 1482 senatui
992 1403 1181 1487 Brunnvia

189 1521 273 1601 cenfi
295 1523 331 1600 dc
352 1511 579 1624 Gottingenfi
601 1520 639 1596 id
663 1521 923 1600 committatur.
942 1539 1052 1624 atque
1071 1526 1097 1606 sn
1115 1553 1181 1609 nos

190 1637 315 1715 domini
330 1638 566 1732 autcivitates
583 1636 629 1711 ad
645 1635 787 1742 Ducem
802 1636 1070 1740 perveniamus,
1094 1660 1182 1729 tone

121 1777 122 1862 3
189 1771 251 1832 una
266 1768 339 1829 tam
362 1775 447 1852 pars
467 1771 575 1849 quam
592 1750 705 1824 altera
721 1745 756 1824 dc
774 1747 925 1848 quisque
937 1773 1008 1848 pro
1025 1753 1178 1849 inculto.

121 1953 122 1968 Ν
188 1883 219 1944 te
235 1866 291 1946 sua
306 1869 443 1969 absque
463 1869 546 1944 dolo
561 1865 658 1966 sequi
682 1868 812 1959 debet,
842 1866 889 1942 ad
904 1865 1179 1968 opitulationem

121 2001 122 2056 l
187 1983 381 2061 ferendam.
431 1983 540 2084 Quod
564 1981 589 2060 fi
611 1979 719 2058 etiam
737 1979 894 2058 nostrum
910 1982 1181 2081 cuiquam'con.

121 2125 122 2130 ¹
186 2097 317 2199 tingat,
342 2095 455 2197 quio,
488 2094 857 2188 &·advers1eveuiat‚
881 2114 970 2175 tunc
987 2107 1104 2182 mutui
1117 2111 1179 2209 jn.

121 2291 122 2306 n
184 2214 312 2295 riserit
332 2213 509 2318 obligatio
530 2211 732 2318 adinvicem
755 2216 799 2290 ad
821 2219 1061 2318 quodcunque
1075 2223 1124 2302 fic
1139 2228 1178 2308 in

184 2333 245 2410 noc
270 2332 353 2436 casu
374 2353 443 2431 pru
463 2327 635 2408 sententia
653 2325 744 2428 juris
765 2331 952 2409 decretum
974 2333 1108 2435 fuerit,
1137 2340 1178 2420 id
1251 2360 1254 2366 ’

183 2450 265 2526 ulter
288 2451 437 2526 tenetur
460 2447 557 2546 sequi
579 2445 613 2522 dt
635 2464 753 2524 ratum
774 2447 934 2548 habere,
966 2467 1086 2529 tamen
1102 2455 1175 2559 ita,

134 2571 138 2584 '
181 2587 222 2645 ne
237 2591 303 2646 una
317 2587 403 2666 pars
417 2568 567 2642 alteram
580 2563 739 2674 nuspiam
750 2561 901 2660 deserat,
929 2567 1043 2645 donec
1053 2569 1176 2649 unius·

182 2684 344 2782 cuiusque
364 2682 465 2760 causa
487 2683 582 2782 apud
600 2683 752 2757 alterum
772 2678 992 2760 totaliter·in
1014 2684 1177 2767 amicitia

120 2785 121 2876 ἶ
180 2816 234 2880 aut
252 2797 337 2901 jure
361 2797 503 2898 placide
528 2793 723 2892 compofita
747 2795 813 2894 ως
845 2795 950 2904 sicu
976 2799 1072 2876 nulla
1089 2823 1175 2900 pars

179 2919 302 3017 absque
317 2914 466 2994 alterius
478 2911 646 2992 consensu
662 2937 742 2992 cum
755 2915 899 3014 nemine
914 2907 1058 3016 usquam
1075 2944 1176 3012 come

177 3033 385 3136 politionem
409 3047 472 3110 aut
492 3029 837 3108 reconciliationem<
849 3029 957 3109 ineat.
1006 3031 1043 3110 Si
1064 3036 1175 3114 etiam

120 3187 121 3204 ι
179 3143 329 3248 cuipiam
349 3145 446 3222 inter
465 3164 530 3220 nos
553 3139 628 3236 post
646 3139 714 3220 lia'c
733 3159 796 3221 aut
815 3141 1050 3239 inposterum
1067 3145 1175 3225 aliam

178 3260 219 3336 ob
243 3257 388 3336 causam
409 3256 456 3334 ab
479 3251 714 3352 adversariis,
759 3259 844 3334 dum
869 3256 987 3332 adhuc
1012 3259 1175 3338 nmmum

175 3372 239 3452 hoc
255 3370 388 3451 foedus
406 3369 586 3449 internos
607 3370 734 3465 durat,
773 3368 862 3468 quid
881 3369 1009 3448 diffidii
1027 3370 1176 3472 objicia-

176 3495 250 3582 tur,
283 3508 334 3560 ac·
349 3507 413 3562 nos
440 3482 576 3560 domini
598 3481 806 3581 civitatum,
840 3502 904 3562 aut
924 3507 988 3562 nos
1009 3485 1174 3562 civitates

175 3601 402 3680 dominorum
424 3617 608 3701 compotes
629 3601 774 3699 liumus,
811 3619 899 3678 tunc
911 3623 1020 3680 nemo
1035 3604 1174 3681 nostro·

174 3737 248 3796 rum
263 3717 372 3794 alteri
389 3717 576 3815 praedidlo
589 3716 793 3794 adversario
804 3719 910 3794 ullam
927 3738 1034 3814 opem
1045 3767 1059 3811 ,
1072 3703 1174 3796 fsola·

174 3829 256 3910 tium
271 3849 337 3908 aut
350 3831 586 3909 adfistentiam
606 3830 781 3929 praestet,
814 3829 854 3907 in
872 3831 944 3906 ullo
959 3830 1079 3927 aliquo
1095 3849 1174 3906 mo-

174 3945 237 4043 do,
269 3968 488 4045 quocunque
508 3945 544 4022 id
562 3945 642 4024 fie'ri
662 3941 776 4040 polin.
798 3942 904 4041 atque
923 3937 1012 4025 haec
1033 3938 1119 4015 unio
1134 3937 1172 4016 dr

180 4057 474 4159 confoederatio,
512 4055 643 4162 liga&
671 4051 877 4252 οὲηὲωὲἲω
901 4044 1173 4257 omuibuiwag}

120 3321 122 3362 l
