3125 4934
303 439 305 444 ·
374 398 480 508 ²4⁶‚'
608 508 612 528 .
729 375 965 480 70⁸¹-ss

247 571 250 581 “
377 567 459 652 nire
485 561 702 676 possemus,-
723 569 936 654 Paroehiam
965 566 1190 675 superiorein
1218 571 1396 670 nomine,

379 681 479 785 cujus
495 699 705 786 patronatus
721 685 766 760 ad
785 685 975 784 prefatum,
992 682 1185 768 cenobium
1206 685 1399 780 pertinere

380 793 626 897 dignoscitur,
670 792 744 884 stne
767 797 932 898 quolibet
954 793 1251 906 conmodisiionis
1276 799 1399 875 obsta·

377 909 483 1008 culo,
516 910 614 988 salvo
638 927 760 988 tamen
782 908 866 1011 jure
891 908 1105 989 cathedralis
1129 910 1317 1005 mdeste,
1352 915 1402 992 ei·

263 1048 268 1058 ’
378 1023 462 1100 dem
476 1024 631 1103 cenobio
647 1021 771 1124 pleno
757 1046 842 1124 June
857 1021 895 1103 in
912 1042 1132 1126 perpetuum
1146 1026 1443 1130 concessimus,

377 1139 429 1218 ita
440 1151 481 1218 nt
494 1138 690 1250 secundum
706 1138 953 1236 provisionem
966 1139 1132 1226 abbatis
1121 1163 1158 1216 m
1176 1143 1309 1215 eadem
1328 1140 1402 1214 Ec·

334 1284 342 1364 j
376 1256 537 1336 ciesta
502 1256 660 1336 mentius
678 1255 827 1336 idon'eos
848 1257 882 1334 de
906 1257 1079 1345 honestus
1097 1258 1330 1353 instituamr,
1364 1253 1401 1329 dc

376 1371 482 1451 nobis
515 1374 561 1450 de
587 1371 738 1452 subditis
766 1372 835 1450 suis
859 1375 1082 1481 respondere
1105 1365 1301 1466 teneatur,‘
1336 1367 1401 1467 qui

374 1486 486 1567 etiam
509 1489 557 1564 ab
582 1487 716 1565 abbate
744 1482 970 1586 prebendam
993 1485 1059 1564 sibi
1082 1488 1213 1562 habeat
1240 1485 1401 1578 assigna·
1444 1522 1445 1557 3

315 1687 323 1706 .
374 1615 480 1695 tam,
511 1599 641 1698 Abbas
663 1599 804 1680 vero&
826 1599 1172 1678 conventusomoes
1192 1614 1400 1698 proventus
1444 1638 1445 1643 Γ

276 1747 281 1756 ·
375 1727 451 1790 tam
474 1711 689 1814 paroehialis
709 1712 891 1810 Ecclesia,
926 1718 1035 1810 quam
1055 1715 1288 1813 Capelianum
1309 1735 1400 1790 cum

265 1885 269 1898 ,
376 1847 479 1902 omm
492 1825 704 1924 integritate
719 1847 788 1927 pet
790 1824 937 1925 esplant
973 1826 1037 1902 Ad
1052 1822 1182 1924 huJus
1171 1827 1284 1927 ignor
1305 1849 1399 1904 con·

376 1934 542 2014 ceffionis
567 1937 708 2016 nostrae
726 1935 1042 2015 confinnationem
1060 1936 1271 2069 presentem
1288 1936 1399 2040 pogi-

375 2070 459 2130 nam
477 2061 553 2127 tans
572 2047 597 2125 s
587 2049 684 2156 gisb
696 2072 805 2148 quam
822 2047 1055 2128 banninosiri
1069 2050 1272 2128 munimine
1285 2050 1410 2130 duxi·

375 2181 456 2242 mus
472 2157 733 2243 roborandum.
771 2165 911 2241 Datum
928 2163 1027 2260 apud
1039 2163 1256 2254 argenteam
1267 2163 1398 2243 secun
1446 2206 1447 2301 p

376 2277 425 2351 do
443 2275 620 2354 Kalendas
641 2276 877 2377 septembris,
917 2300 1012 2356 anno
1030 2275 1239 2362 dominice
1227 2302 1397 2360 toamna-

139 2365 145 2480 ’,
375 2379 497 2466 tionis.
522 2385 652 2471 MCC.
677 2385 781 2465 XX.
816 2389 898 2488 Ego
932 2389 1099 2466 Ηπππίιππι
1127 2392 1394 2492 argentinenfis

294 2555 302 2560 -
375 2495 596 2598 Episcopus,
625 2497 803 2598 potestate
814 2498 953 2602 liganda
968 2514 1077 2596 atque
1092 2496 1290 2600 solvendia
1307 2501 1394 2579 Deo

278 2667 280 2672 .
376 2607 469 2688 mihi
492 2609 678 2712 concessa·
709 2613 883 2693 omnibus
900 2630 975 2692 tam
996 2614 1059 2713 pio
1084 2591 1185 2693 fatto
1209 2615 1395 2717 obvianti-

377 2723 446 2801 bus
467 2719 542 2801 five
567 2727 901 2806 contradicentibus
924 2726 959 2804 dc
983 2726 1191 2828 infringere
1214 2729 1395 2828 cupienti·

323 2865 328 2872 ·
376 2834 447 2914 bus
456 2855 584 2937 januas
601 2842 709 2946 regni
730 2838 1102 2946 celestisinterciudo,
1135 2843 1314 2920 mortis
1279 2843 1347 2924 a
1334 2871 1394 2925 m-

375 2945 475 3024 ferni
489 2949 616 3046 aperio
626 2975 710 3034 eum
719 2937 931 3033 Dimlationo
944 2950 980 3030 n
993 2951 1213 3037 Maximiano
1226 2956 1395 3039 crocian·

324 3063 330 3074 '
368 3057 441 3196 ¹dos
457 3049 576 3144 trado

424 3257 535 3328 3¹·
549 3235 640 3340 Aug.

455 3548 1255 3720 ''sQ-ssffl'
