3125 4934
347 428 420 506 aaa
768 412 960 496 ema

218 575 228 625 ³
351 589 422 671 nist
448 556 643 690 degrada
654 581 741 666 illos
765 585 1051 691 capellanis-sois
1077 590 1291 692 relinquere
1308 615 1374 673 vo-

353 702 513 796 luerint,
546 702 719 778 duntaxat
739 703 905 798 speetare
926 707 1081 795 debere,
1098 733 1188 786 non
1209 709 1373 795 obstante

247 856 250 885 t
307 809 314 836 ⁸
350 817 504 911 quadam
523 836 593 890 una
608 811 852 911 distinetione,
873 841 982 918 quam
999 818 1145 915 quidem
1158 832 1285 896 autem
1305 819 1370 896 eb·
1393 916 1400 923 .

302 976 305 983 ·
349 935 442 1008 lotos
469 929 505 1007 dc
528 926 734 1045 hujusmodi
766 937 932 1014 denarios
954 937 1142 1014 secretales
1163 935 1293 1013 iacere
1311 959 1371 1015 co·

347 1061 511 1140 uantur,
538 1064 620 1121 cum
638 1066 749 1121 omae
770 1047 831 1142 id,
858 1050 984 1146 quod
974 1074 1011 1126 tn
1034 1046 1185 1125 ecclesa
1202 1046 1374 1145 offertur,

349 1161 599 1240 sublacionrtm
632 1159 780 1236 nomine
812 1164 1154 1261 comprehendatur.
1218 1163 1350 1265 Quia
1337 1189 1376 1244 ιιι

350 1260 516 1378 pluribus
536 1270 647 1375 locis,
673 1271 735 1348 ubi
756 1271 900 1351 fabrica
920 1276 1151 1352 ecelesiarum
1169 1275 1375 1375 habundat,

330 1388 518 1472 xdefeiius
558 1385 740 1462 librorum
784 1386 820 1462 dr
862 1386 1034 1467 aliorum
1060 1405 1376 1468 ornamentorum.

232 1532 234 1538 ·
351 1506 477 1584 divino
503 1500 616 1577 cultui
642 1503 896 1602 deputatorum
912 1501 1123 1605 reperitur,
1152 1530 1237 1585 cum
1254 1506 1372 1609 igitur

235 1718 239 1732 Ι
350 1619 496 1705 fabrica
508 1611 712 1711 hujusmodi
731 1637 799 1717 pro
821 1616 1058 1718 reparacione
1080 1616 1374 1719 supradictorum

352 1727 489 1830 inipsrs
507 1729 664 1807 ecclesris
679 1729 728 1808 ste
743 1732 916 1830 instituta,
938 1732 1002 1812 sub
1020 1733 1379 1812 excommunicacio-

352 1849 410 1929 nis
426 1871 521 1944 pena
544 1846 768 1959 precipimus
804 1849 970 1927 omnibus
988 1849 1023 1926 dr
1038 1850 1187 1952 fingulis
1205 1847 1377 1941 ecclesia,-

235 1963 237 1966 ’
353 1985 439 2042 rum
461 1959 723 2071 Parochialium
750 1940 786 2036 dr
808 1963 960 2044 aliarum
977 1985 1281 2062 quarumcunque
1300 1965 1374 2041 Re·

352 2075 539 2169 diesibus,
571 2074 776 2178 plebanis
765 2077 938 2153 rncuratis
954 2076 1067 2161 seu
1032 2101 1130 2155 vrces
1154 2099 1286 2155 eorum
1308 2096 1375 2181 ge·

265 2265 268 2269 .
355 2189 546 2284 rentibus,
591 2210 756 2267 necnon
794 2191 1093 2286 procuratoribus
1126 2188 1372 2286 lubricorum,

358 2318 536 2401 quatenus
553 2297 591 2374 in
610 2300 697 2376 locis
717 2297 788 2374 illis
814 2300 893 2375 talis
910 2300 1073 2398 desedius
1094 2301 1303 2396 librorum,
1328 2301 1373 2376 ad

344 2403 1396 2513 ,Divinumcultumnecessariommdotiomnomenco-·

163 2554 170 2583 ι
264 2591 283 2625 s
349 2545 474 2608 torum
490 2528 629 2626 existit,
653 2528 735 2627 iplis
753 2528 965 2607 ecclefiisde
985 2527 1053 2607 illis
1073 2527 1316 2628 provideant,
1340 2523 1369 2605 st

235 2731 246 2737 ,,
354 2643 479 2723 saltem
496 2642 685 2719 facultates
703 2639 811 2739 ipsrus
828 2636 972 2718 fabrice
989 2641 1185 2734 sufficiant,
1210 2637 1371 2737 alioquin

353 2758 543 2856 postquam
576 2777 644 2851 pro
678 2772 782 2852 parte
808 2751 920 2830 nostri
941 2753 1087 2851 patroni
1118 2754 1177 2828 vel
1198 2748 1368 2831 Redioris

355 2887 421 2946 aut
444 2867 712 2946 connrrunitatis
749 2867 820 2945 loci
847 2865 1009 2967 requisiti
1026 2867 1188 2962 fuerint,
1234 2863 1373 2947 stiufra

352 2981 514 3062 mensem
539 2981 698 3076 sequent.
721 2982 765 3056 de
786 2980 992 3080 hujusmodi
1017 2978 1222 3076 defeiiibus
1247 2975 1371 3077 provi·

355 3101 445 3175 dere
469 3121 543 3174 non
559 3096 792 3190 curaverint,
832 3119 879 3173 ex
899 3112 987 3172 tune
1009 3117 1052 3173 co
1069 3094 1166 3193 lapso
1189 3095 1373 3169 eosdema

287 3244 289 3247 ·
355 3213 593 3314 perceptione
617 3210 832 3307 fruetuum,
865 3235 1029 3289 necnon
1054 3208 1370 3286 administracione

356 3326 583 3406 fabricarum
608 3322 684 3420 iplb
709 3321 807 3398 faido
834 3321 1103 3419 suspendimus,
1134 3317 1371 3414 &suspensor

237 3525 239 3530 ,
356 3441 426 3520 esse
450 3441 614 3514 volomus
638 3438 858 3513 Mandamus
884 3433 1011 3511 nostris
1027 3432 1166 3510 vicario
1183 3430 1219 3506 dr
1237 3430 1371 3528 officia·

355 3557 405 3651 li,
436 3570 476 3631 ut
502 3575 549 3628 ex
575 3567 662 3627 tone
686 3551 731 3625 de
753 3551 830 3624 aliis
856 3547 1154 3648 procuratoribus
1174 3544 1372 3644 providere

357 3670 535 3759 habeant,
572 3661 633 3759 qui
664 3660 879 3759 supradidiis
911 3657 1121 3736 asserribus·
1140 3657 1370 3758 provideant,

359 3794 626 3879 competentem
644 3778 810 3852 volumus
831 3775 960 3866 eciam,
985 3790 1024 3850 ut
1043 3771 1184 3850 Decani
1201 3770 1237 3847 dc
1253 3793 1371 3850 came·

357 3894 449 3976 rarii
462 3888 947 3990 singolorumcapitulorum
970 3887 1074 3984 super
1091 3887 1161 3962 hoc
1180 3885 1369 3984 inquriero

240 4014 242 4021 '
357 4012 539 4101 habeant,
559 4002 820 4102 &huiusmodi
841 4001 1113 4102 inquificionem
1133 3997 1273 4092 fastam
1295 4000 1368 4076 No·

357 4123 413 4202 bis
443 4117 581 4199 vicario
607 4115 643 4194 dr
670 4113 829 4194 officialis
868 4113 995 4196 nolitis
1023 4114 1168 4192 fidelem
1194 4111 1368 4205 referent,

1333 4242 1370 4306 ut
