<?xml version="1.0" encoding="UTF-8"?>
<!DOCTYPE html PUBLIC "-//W3C//DTD XHTML 1.0 Transitional//EN"
    "http://www.w3.org/TR/xhtml1/DTD/xhtml1-transitional.dtd">
<html xmlns="http://www.w3.org/1999/xhtml" xml:lang="en" lang="en">
 <head>
  <title>
</title>
<meta http-equiv="Content-Type" content="text/html;charset=utf-8" />
  <meta name='ocr-system' content='tesseract 3.04.00' />
  <meta name='ocr-capabilities' content='ocr_page ocr_carea ocr_par ocr_line ocrx_word'/>
</head>
<body>
  <div class='ocr_page' id='page_1' title='image "./novasubsidiadip01wrgoog/novasubsidiadip01wrgoog_0480.png"; bbox 0 0 3125 4934; ppageno 0'>
   <div class='ocr_carea' id='block_1_1' title="bbox 323 417 920 524">
    <p class='ocr_par' dir='ltr' id='par_1_1' title="bbox 323 417 920 524">
     <span class='ocr_line' id='line_1_1' title="bbox 323 417 920 524; baseline -0.032 -2"><span class='ocrx_word' id='word_1_1' title='bbox 323 438 396 524; x_wconf 72' lang='lat'>380</span> <span class='ocrx_word' id='word_1_2' title='bbox 708 509 712 517; x_wconf 77' lang='grc'>,</span> <span class='ocrx_word' id='word_1_3' title='bbox 741 417 920 504; x_wconf 47' lang='lat' dir='ltr'>ffl-</span> 
     </span>
    </p>
   </div>
   <div class='ocr_carea' id='block_1_2' title="bbox 229 595 1335 921">
    <p class='ocr_par' dir='ltr' id='par_1_2' title="bbox 229 595 1335 921">
     <span class='ocr_line' id='line_1_2' title="bbox 229 595 1335 709; baseline 0.001 -31"><span class='ocrx_word' id='word_1_4' title='bbox 229 669 231 678; x_wconf 92' lang='lat'><em>.</em></span> <span class='ocrx_word' id='word_1_5' title='bbox 318 602 482 709; x_wconf 75' lang='lat' dir='ltr'>spretum</span> <span class='ocrx_word' id='word_1_6' title='bbox 504 608 709 697; x_wconf 85' lang='lat' dir='ltr'>otempore</span> <span class='ocrx_word' id='word_1_7' title='bbox 729 599 810 678; x_wconf 85' lang='lat' dir='ltr'>talis</span> <span class='ocrx_word' id='word_1_8' title='bbox 833 596 932 678; x_wconf 89' lang='lat' dir='ltr'>modi</span> <span class='ocrx_word' id='word_1_9' title='bbox 947 595 1186 677; x_wconf 87' lang='lat' dir='ltr'>institucionis</span> <span class='ocrx_word' id='word_1_10' title='bbox 1206 599 1266 679; x_wconf 90' lang='lat' dir='ltr'>seu</span> <span class='ocrx_word' id='word_1_11' title='bbox 1281 598 1335 679; x_wconf 93' lang='lat' dir='ltr'>in-</span> 
     </span>
     <span class='ocr_line' id='line_1_3' title="bbox 273 710 1333 814; baseline -0.007 -18"><span class='ocrx_word' id='word_1_12' title='bbox 273 742 276 752; x_wconf 87' lang='lat'>·</span> <span class='ocrx_word' id='word_1_13' title='bbox 319 718 492 797; x_wconf 81' lang='lat' dir='ltr'>vestitura</span> <span class='ocrx_word' id='word_1_14' title='bbox 510 712 773 792; x_wconf 86' lang='lat' dir='ltr'>numerandum</span> <span class='ocrx_word' id='word_1_15' title='bbox 790 736 914 791; x_wconf 87' lang='lat' dir='ltr'>ornnes</span> <span class='ocrx_word' id='word_1_16' title='bbox 930 710 965 787; x_wconf 82' lang='lat' dir='ltr'>tiz</span> <span class='ocrx_word' id='word_1_17' title='bbox 979 710 1136 814; x_wconf 73' lang='lat' dir='ltr'>singulos</span> <span class='ocrx_word' id='word_1_18' title='bbox 1148 716 1333 811; x_wconf 80' lang='lat' dir='ltr'>redditus,</span> 
     </span>
     <span class='ocr_line' id='line_1_4' title="bbox 318 824 1335 921; baseline -0.01 -10"><span class='ocrx_word' id='word_1_19' title='bbox 318 828 485 921; x_wconf 76' lang='lat' dir='ltr'>fructus,</span> <span class='ocrx_word' id='word_1_20' title='bbox 509 827 770 921; x_wconf 73' lang='lat' dir='ltr'><strong>obventiones,</strong></span> <span class='ocrx_word' id='word_1_21' title='bbox 804 826 900 905; x_wconf 87' lang='lat' dir='ltr'>bona</span> <span class='ocrx_word' id='word_1_22' title='bbox 919 825 1068 901; x_wconf 89' lang='lat' dir='ltr'>mobilia</span> <span class='ocrx_word' id='word_1_23' title='bbox 1082 824 1335 901; x_wconf 68' lang='lat' dir='ltr'>&amp;immobilia</span> 
     </span>
    </p>
   </div>
   <div class='ocr_carea' id='block_1_3' title="bbox 318 925 1335 1152">
    <p class='ocr_par' dir='ltr' id='par_1_3' title="bbox 318 925 1335 1152">
     <span class='ocr_line' id='line_1_5' title="bbox 318 925 1335 1047; baseline -0.009 -21"><span class='ocrx_word' id='word_1_24' title='bbox 318 966 533 1047; x_wconf 81' lang='lat' dir='ltr'>quecunque</span> <span class='ocrx_word' id='word_1_25' title='bbox 549 945 677 1023; x_wconf 82' lang='lat' dir='ltr'>talittm</span> <span class='ocrx_word' id='word_1_26' title='bbox 692 943 955 1021; x_wconf 86' lang='lat' dir='ltr'>beneficiorum</span> <span class='ocrx_word' id='word_1_27' title='bbox 971 925 1068 1017; x_wconf 75' lang='lat' dir='ltr'>&amp;lm</span> <span class='ocrx_word' id='word_1_28' title='bbox 1086 964 1129 1017; x_wconf 88' lang='lat' dir='ltr'>ea</span> <span class='ocrx_word' id='word_1_29' title='bbox 1147 940 1335 1041; x_wconf 77' lang='lat' dir='ltr'>pertinen</span> 
     </span>
     <span class='ocr_line' id='line_1_6' title="bbox 318 1044 1335 1152; baseline -0.009 -14"><span class='ocrx_word' id='word_1_30' title='bbox 318 1061 409 1139; x_wconf 86' lang='lat' dir='ltr'>ciar</span> <span class='ocrx_word' id='word_1_31' title='bbox 397 1057 435 1133; x_wconf 74' lang='lat' dir='ltr'>nr</span> <span class='ocrx_word' id='word_1_32' title='bbox 458 1053 600 1152; x_wconf 88' lang='lat' dir='ltr'>scriptis</span> <span class='ocrx_word' id='word_1_33' title='bbox 625 1074 726 1131; x_wconf 83' lang='lat' dir='ltr'>onmt</span> <span class='ocrx_word' id='word_1_34' title='bbox 714 1044 876 1130; x_wconf 85' lang='lat' dir='ltr'>fraude</span> <span class='ocrx_word' id='word_1_35' title='bbox 897 1052 1039 1129; x_wconf 82' lang='lat' dir='ltr'>servata</span> <span class='ocrx_word' id='word_1_36' title='bbox 1063 1048 1181 1147; x_wconf 90' lang='lat' dir='ltr'>ipli</span> <span class='ocrx_word' id='word_1_37' title='bbox 1146 1048 1282 1127; x_wconf 76' lang='lat' dir='ltr'>vicario</span> <span class='ocrx_word' id='word_1_38' title='bbox 1296 1049 1335 1129; x_wconf 79' lang='lat' dir='ltr'>tiz</span> 
     </span>
    </p>
   </div>
   <div class='ocr_carea' id='block_1_4' title="bbox 159 1162 1457 3441">
    <p class='ocr_par' dir='ltr' id='par_1_4' title="bbox 316 1162 1334 1268">
     <span class='ocr_line' id='line_1_7' title="bbox 316 1162 1334 1268; baseline -0.003 -26"><span class='ocrx_word' id='word_1_39' title='bbox 316 1165 509 1268; x_wconf 80' lang='lat' dir='ltr'>sigillifero</span> <span class='ocrx_word' id='word_1_40' title='bbox 533 1164 680 1242; x_wconf 89' lang='lat' dir='ltr'>tradent</span> <span class='ocrx_word' id='word_1_41' title='bbox 696 1163 817 1242; x_wconf 87' lang='lat' dir='ltr'>nostro</span> <span class='ocrx_word' id='word_1_42' title='bbox 837 1162 872 1241; x_wconf 76' lang='lat' dir='ltr'>dr</span> <span class='ocrx_word' id='word_1_43' title='bbox 893 1165 1090 1264; x_wconf 77' lang='lat' dir='ltr'>assignent,</span> <span class='ocrx_word' id='word_1_44' title='bbox 1125 1178 1198 1261; x_wconf 91' lang='lat' dir='ltr'>que</span> <span class='ocrx_word' id='word_1_45' title='bbox 1216 1165 1334 1247; x_wconf 88' lang='lat' dir='ltr'>eciam</span> 
     </span>
    </p>

    <p class='ocr_par' dir='ltr' id='par_1_5' title="bbox 314 1274 1333 1385">
     <span class='ocr_line' id='line_1_8' title="bbox 314 1274 1333 1385; baseline -0.003 -25"><span class='ocrx_word' id='word_1_46' title='bbox 314 1303 385 1385; x_wconf 86' lang='lat' dir='ltr'>per</span> <span class='ocrx_word' id='word_1_47' title='bbox 411 1277 532 1379; x_wconf 87' lang='lat' dir='ltr'>ipsum</span> <span class='ocrx_word' id='word_1_48' title='bbox 554 1274 732 1357; x_wconf 88' lang='lat' dir='ltr'>vicarium</span> <span class='ocrx_word' id='word_1_49' title='bbox 753 1276 915 1355; x_wconf 85' lang='lat' dir='ltr'>nostrum</span> <span class='ocrx_word' id='word_1_50' title='bbox 939 1279 1153 1379; x_wconf 87' lang='lat' dir='ltr'>regenerari</span> <span class='ocrx_word' id='word_1_51' title='bbox 1181 1283 1333 1359; x_wconf 85' lang='lat' dir='ltr'>manda·</span> 
     </span>
    </p>

    <p class='ocr_par' dir='ltr' id='par_1_6' title="bbox 313 1392 1330 1493">
     <span class='ocr_line' id='line_1_9' title="bbox 313 1392 1330 1493; baseline -0.007 -10"><span class='ocrx_word' id='word_1_52' title='bbox 313 1421 407 1483; x_wconf 84' lang='lat' dir='ltr'>mus.</span> <span class='ocrx_word' id='word_1_53' title='bbox 457 1394 552 1477; x_wconf 87' lang='lat' dir='ltr'>Item</span> <span class='ocrx_word' id='word_1_54' title='bbox 574 1395 743 1487; x_wconf 71' lang='lat' dir='ltr'>nolumus</span> <span class='ocrx_word' id='word_1_55' title='bbox 768 1392 805 1493; x_wconf 66' lang='lat' dir='ltr'>cl</span> <span class='ocrx_word' id='word_1_56' title='bbox 829 1395 1062 1491; x_wconf 79' lang='lat' dir='ltr'>mandamus,</span> <span class='ocrx_word' id='word_1_57' title='bbox 1096 1396 1196 1493; x_wconf 90' lang='lat' dir='ltr'>quod</span> <span class='ocrx_word' id='word_1_58' title='bbox 1212 1400 1330 1477; x_wconf 86' lang='lat' dir='ltr'>nullus</span> 
     </span>
    </p>

    <p class='ocr_par' dir='ltr' id='par_1_7' title="bbox 316 1502 1334 1603">
     <span class='ocr_line' id='line_1_10' title="bbox 316 1502 1334 1603; baseline -0.015 -14"><span class='ocrx_word' id='word_1_59' title='bbox 316 1512 364 1589; x_wconf 82' lang='lat' dir='ltr'>od</span> <span class='ocrx_word' id='word_1_60' title='bbox 386 1506 607 1588; x_wconf 85' lang='lat' dir='ltr'>beneficium</span> <span class='ocrx_word' id='word_1_61' title='bbox 633 1502 876 1601; x_wconf 87' lang='lat' dir='ltr'>quodcunque</span> <span class='ocrx_word' id='word_1_62' title='bbox 901 1502 1207 1603; x_wconf 68' lang='lat' dir='ltr'>&amp;qualecunque</span> <span class='ocrx_word' id='word_1_63' title='bbox 1232 1507 1334 1585; x_wconf 87' lang='lat' dir='ltr'>insti.</span> 
     </span>
    </p>

    <p class='ocr_par' dir='ltr' id='par_1_8' title="bbox 314 1610 1334 1715">
     <span class='ocr_line' id='line_1_11' title="bbox 314 1610 1334 1715; baseline -0.004 -13"><span class='ocrx_word' id='word_1_64' title='bbox 314 1637 464 1712; x_wconf 71' lang='lat' dir='ltr'>turtur,</span> <span class='ocrx_word' id='word_1_65' title='bbox 495 1613 562 1695; x_wconf 82' lang='lat' dir='ltr'>nili</span> <span class='ocrx_word' id='word_1_66' title='bbox 577 1614 678 1715; x_wconf 76' lang='lat' dir='ltr'>Juret</span> <span class='ocrx_word' id='word_1_67' title='bbox 695 1610 736 1689; x_wconf 91' lang='lat' dir='ltr'>in</span> <span class='ocrx_word' id='word_1_68' title='bbox 751 1633 880 1695; x_wconf 87' lang='lat' dir='ltr'>manns</span> <span class='ocrx_word' id='word_1_69' title='bbox 898 1614 1033 1692; x_wconf 85' lang='lat' dir='ltr'>nostras</span> <span class='ocrx_word' id='word_1_70' title='bbox 1046 1632 1108 1692; x_wconf 86' lang='lat' dir='ltr'>aut</span> <span class='ocrx_word' id='word_1_71' title='bbox 1124 1615 1254 1695; x_wconf 86' lang='lat' dir='ltr'>vicarii</span> <span class='ocrx_word' id='word_1_72' title='bbox 1268 1644 1334 1699; x_wconf 90' lang='lat' dir='ltr'>nn·</span> 
     </span>
    </p>

    <p class='ocr_par' dir='ltr' id='par_1_9' title="bbox 315 1729 1332 1839">
     <span class='ocr_line' id='line_1_12' title="bbox 315 1729 1332 1839; baseline -0.015 -19"><span class='ocrx_word' id='word_1_73' title='bbox 315 1742 403 1832; x_wconf 75' lang='lat' dir='ltr'>slri,</span> <span class='ocrx_word' id='word_1_74' title='bbox 426 1740 462 1818; x_wconf 88' lang='lat' dir='ltr'>se</span> <span class='ocrx_word' id='word_1_75' title='bbox 476 1737 575 1814; x_wconf 88' lang='lat' dir='ltr'>bona</span> <span class='ocrx_word' id='word_1_76' title='bbox 589 1729 761 1831; x_wconf 74' lang='lat' dir='ltr'>mobilia,</span> <span class='ocrx_word' id='word_1_77' title='bbox 787 1732 949 1833; x_wconf 85' lang='lat' dir='ltr'>preciosa</span> <span class='ocrx_word' id='word_1_78' title='bbox 965 1731 1000 1809; x_wconf 80' lang='lat' dir='ltr'>dr</span> <span class='ocrx_word' id='word_1_79' title='bbox 1015 1730 1238 1833; x_wconf 64' lang='lat' dir='ltr'>immobilia²</span> <span class='ocrx_word' id='word_1_80' title='bbox 1264 1762 1332 1839; x_wconf 79' lang='lat' dir='ltr'>ag.</span> 
     </span>
    </p>

    <p class='ocr_par' dir='ltr' id='par_1_10' title="bbox 312 1844 1332 1928">
     <span class='ocr_line' id='line_1_13' title="bbox 312 1844 1332 1928; baseline 0.002 -3"><span class='ocrx_word' id='word_1_81' title='bbox 312 1868 373 1925; x_wconf 85' lang='lat' dir='ltr'>ros</span> <span class='ocrx_word' id='word_1_82' title='bbox 390 1844 426 1922; x_wconf 75' lang='lat' dir='ltr'>dc</span> <span class='ocrx_word' id='word_1_83' title='bbox 446 1846 594 1925; x_wconf 86' lang='lat' dir='ltr'>allodias</span> <span class='ocrx_word' id='word_1_84' title='bbox 609 1868 714 1928; x_wconf 81' lang='lat' dir='ltr'>arcas</span> <span class='ocrx_word' id='word_1_85' title='bbox 738 1845 778 1923; x_wconf 77' lang='lat' dir='ltr'>dr</span> <span class='ocrx_word' id='word_1_86' title='bbox 800 1844 929 1925; x_wconf 89' lang='lat' dir='ltr'>srmilia</span> <span class='ocrx_word' id='word_1_87' title='bbox 945 1848 994 1922; x_wconf 84' lang='lat' dir='ltr'>ad</span> <span class='ocrx_word' id='word_1_88' title='bbox 1015 1846 1241 1925; x_wconf 81' lang='lat' dir='ltr'>beneficium.</span> <span class='ocrx_word' id='word_1_89' title='bbox 1257 1848 1332 1927; x_wconf 87' lang='lat' dir='ltr'>tale</span> 
     </span>
    </p>

    <p class='ocr_par' dir='ltr' id='par_1_11' title="bbox 314 1961 1329 2067">
     <span class='ocr_line' id='line_1_14' title="bbox 314 1961 1329 2067; baseline -0.009 -23"><span class='ocrx_word' id='word_1_90' title='bbox 314 1961 522 2064; x_wconf 72' lang='lat' dir='ltr'>spectanda</span> <span class='ocrx_word' id='word_1_91' title='bbox 548 1965 586 2043; x_wconf 79' lang='lat' dir='ltr'>tiz</span> <span class='ocrx_word' id='word_1_92' title='bbox 618 1964 848 2067; x_wconf 81' lang='lat' dir='ltr'>pertinencia</span> <span class='ocrx_word' id='word_1_93' title='bbox 879 1982 1104 2060; x_wconf 87' lang='lat' dir='ltr'>nequaquam</span> <span class='ocrx_word' id='word_1_94' title='bbox 1142 1962 1329 2055; x_wconf 71' lang='lat' dir='ltr'>vendere,</span> 
     </span>
    </p>

    <p class='ocr_par' dir='ltr' id='par_1_12' title="bbox 313 2070 1457 2289">
     <span class='ocr_line' id='line_1_15' title="bbox 315 2070 1329 2179; baseline -0.012 -20"><span class='ocrx_word' id='word_1_95' title='bbox 315 2079 535 2170; x_wconf 79' lang='lat' dir='ltr'>distrahere,</span> <span class='ocrx_word' id='word_1_96' title='bbox 559 2095 623 2157; x_wconf 87' lang='lat' dir='ltr'>aut</span> <span class='ocrx_word' id='word_1_97' title='bbox 634 2077 881 2179; x_wconf 87' lang='lat' dir='ltr'>quovismodo</span> <span class='ocrx_word' id='word_1_98' title='bbox 897 2076 1055 2159; x_wconf 83' lang='lat' dir='ltr'>alienare</span> <span class='ocrx_word' id='word_1_99' title='bbox 1067 2074 1182 2169; x_wconf 82' lang='lat' dir='ltr'>velle,</span> <span class='ocrx_word' id='word_1_100' title='bbox 1209 2070 1329 2147; x_wconf 86' lang='lat' dir='ltr'>eciam</span> 
     </span>
     <span class='ocr_line' id='line_1_16' title="bbox 313 2186 1457 2289; baseline -0.018 -12"><span class='ocrx_word' id='word_1_101' title='bbox 313 2198 562 2278; x_wconf 88' lang='lat' dir='ltr'>inutilitatem</span> <span class='ocrx_word' id='word_1_102' title='bbox 580 2192 772 2288; x_wconf 79' lang='lat' dir='ltr'>beneficii,</span> <span class='ocrx_word' id='word_1_103' title='bbox 801 2191 865 2269; x_wconf 80' lang='lat' dir='ltr'>nis</span> <span class='ocrx_word' id='word_1_104' title='bbox 883 2192 928 2268; x_wconf 91' lang='lat' dir='ltr'>ad</span> <span class='ocrx_word' id='word_1_105' title='bbox 944 2192 1014 2266; x_wconf 89' lang='lat' dir='ltr'>hoc</span> <span class='ocrx_word' id='word_1_106' title='bbox 1025 2186 1128 2288; x_wconf 81' lang='lat' dir='ltr'>juxta</span> <span class='ocrx_word' id='word_1_107' title='bbox 1144 2187 1327 2289; x_wconf 83' lang='lat' dir='ltr'>legitimas</span> <span class='ocrx_word' id='word_1_108' title='bbox 1456 2218 1457 2225; x_wconf 19' lang='grc' dir='ltr'>ι</span> 
     </span>
    </p>

    <p class='ocr_par' dir='ltr' id='par_1_13' title="bbox 159 2303 1326 2407">
     <span class='ocr_line' id='line_1_17' title="bbox 159 2303 1326 2407; baseline -0.012 -10"><span class='ocrx_word' id='word_1_109' title='bbox 159 2399 162 2407; x_wconf 77' lang='grc'><strong>,</strong></span> <span class='ocrx_word' id='word_1_110' title='bbox 258 2387 261 2392; x_wconf 21' lang='lat'><strong>⁴</strong></span> <span class='ocrx_word' id='word_1_111' title='bbox 312 2312 510 2395; x_wconf 73' lang='lat' dir='ltr'>sanationes</span> <span class='ocrx_word' id='word_1_112' title='bbox 522 2310 657 2389; x_wconf 84' lang='lat' dir='ltr'>nostras</span> <span class='ocrx_word' id='word_1_113' title='bbox 675 2322 738 2384; x_wconf 86' lang='lat' dir='ltr'>aut</span> <span class='ocrx_word' id='word_1_114' title='bbox 754 2304 883 2381; x_wconf 90' lang='lat' dir='ltr'>vicarii</span> <span class='ocrx_word' id='word_1_115' title='bbox 903 2303 1015 2381; x_wconf 85' lang='lat' dir='ltr'>nostri</span> <span class='ocrx_word' id='word_1_116' title='bbox 1028 2320 1222 2384; x_wconf 85' lang='lat' dir='ltr'>concurrat</span> <span class='ocrx_word' id='word_1_117' title='bbox 1238 2330 1326 2385; x_wconf 87' lang='lat' dir='ltr'>auc·</span> 
     </span>
    </p>

    <p class='ocr_par' dir='ltr' id='par_1_14' title="bbox 251 2411 1327 2507">
     <span class='ocr_line' id='line_1_18' title="bbox 251 2411 1327 2507; baseline -0.009 2"><span class='ocrx_word' id='word_1_118' title='bbox 251 2411 275 2466; x_wconf 52' lang='lat' dir='ltr'><em>s</em></span> <span class='ocrx_word' id='word_1_119' title='bbox 306 2411 435 2507; x_wconf 79' lang='lat' dir='ltr'>toritas</span> <span class='ocrx_word' id='word_1_120' title='bbox 451 2422 689 2505; x_wconf 76' lang='lat' dir='ltr'>&amp;consensus</span> <span class='ocrx_word' id='word_1_121' title='bbox 713 2419 915 2500; x_wconf 84' lang='lat' dir='ltr'>literatorie</span> <span class='ocrx_word' id='word_1_122' title='bbox 935 2417 1089 2495; x_wconf 88' lang='lat' dir='ltr'>habitus.</span> <span class='ocrx_word' id='word_1_123' title='bbox 1118 2422 1121 2429; x_wconf 89' lang='grc'><strong>’</strong></span> <span class='ocrx_word' id='word_1_124' title='bbox 1149 2423 1241 2497; x_wconf 88' lang='lat' dir='ltr'>Item</span> <span class='ocrx_word' id='word_1_125' title='bbox 1257 2424 1327 2500; x_wconf 85' lang='lat' dir='ltr'>lla-</span> 
     </span>
    </p>

    <p class='ocr_par' dir='ltr' id='par_1_15' title="bbox 189 2528 1324 2633">
     <span class='ocr_line' id='line_1_19' title="bbox 189 2528 1324 2633; baseline -0.007 -11"><span class='ocrx_word' id='word_1_126' title='bbox 189 2616 198 2631; x_wconf 82' lang='grc'><em>,</em></span> <span class='ocrx_word' id='word_1_127' title='bbox 310 2540 446 2620; x_wconf 80' lang='lat' dir='ltr'>tuimur</span> <span class='ocrx_word' id='word_1_128' title='bbox 469 2539 607 2630; x_wconf 77' lang='lat' dir='ltr'>eciam,</span> <span class='ocrx_word' id='word_1_129' title='bbox 639 2552 681 2615; x_wconf 88' lang='lat' dir='ltr'>ut</span> <span class='ocrx_word' id='word_1_130' title='bbox 698 2532 855 2611; x_wconf 87' lang='lat' dir='ltr'>vicarius</span> <span class='ocrx_word' id='word_1_131' title='bbox 873 2531 907 2606; x_wconf 75' lang='lat' dir='ltr'>dc</span> <span class='ocrx_word' id='word_1_132' title='bbox 925 2528 947 2607; x_wconf 93' lang='lat' dir='ltr'>s</span> <span class='ocrx_word' id='word_1_133' title='bbox 951 2530 1102 2633; x_wconf 75' lang='lat' dir='ltr'>nllrfer</span> <span class='ocrx_word' id='word_1_134' title='bbox 1097 2528 1227 2611; x_wconf 86' lang='lat' dir='ltr'>noller</span> <span class='ocrx_word' id='word_1_135' title='bbox 1240 2539 1324 2614; x_wconf 91' lang='lat' dir='ltr'>nul</span> 
     </span>
    </p>

    <p class='ocr_par' dir='ltr' id='par_1_16' title="bbox 184 2647 1325 2768">
     <span class='ocr_line' id='line_1_20' title="bbox 184 2647 1325 2768; baseline -0.005 -35"><span class='ocrx_word' id='word_1_136' title='bbox 184 2684 210 2701; x_wconf 92' lang='lat'>··</span> <span class='ocrx_word' id='word_1_137' title='bbox 308 2658 385 2734; x_wconf 84' lang='lat' dir='ltr'>lum</span> <span class='ocrx_word' id='word_1_138' title='bbox 407 2659 454 2733; x_wconf 89' lang='lat' dir='ltr'>ad</span> <span class='ocrx_word' id='word_1_139' title='bbox 478 2652 705 2768; x_wconf 83' lang='lat' dir='ltr'>beneficium</span> <span class='ocrx_word' id='word_1_140' title='bbox 722 2649 965 2748; x_wconf 78' lang='lat' dir='ltr'>quodcunque</span> <span class='ocrx_word' id='word_1_141' title='bbox 994 2647 1153 2727; x_wconf 85' lang='lat' dir='ltr'>instituat</span> <span class='ocrx_word' id='word_1_142' title='bbox 1180 2667 1243 2729; x_wconf 87' lang='lat' dir='ltr'>aut</span> <span class='ocrx_word' id='word_1_143' title='bbox 1268 2650 1325 2727; x_wconf 88' lang='lat' dir='ltr'>in-</span> 
     </span>
    </p>

    <p class='ocr_par' dir='ltr' id='par_1_17' title="bbox 274 2735 1322 2899">
     <span class='ocr_line' id='line_1_21' title="bbox 274 2735 1322 2899; baseline -0.014 -49.531"><span class='ocrx_word' id='word_1_144' title='bbox 274 2770 459 2883; x_wconf 60' lang='lat' dir='ltr'>vestiat,</span> <span class='ocrx_word' id='word_1_145' title='bbox 484 2771 528 2843; x_wconf 87' lang='lat' dir='ltr'>de</span> <span class='ocrx_word' id='word_1_146' title='bbox 547 2788 618 2899; x_wconf 86' lang='lat' dir='ltr'>quo</span> <span class='ocrx_word' id='word_1_147' title='bbox 629 2735 734 2864; x_wconf 83' lang='lat' dir='ltr'>juxta</span> <span class='ocrx_word' id='word_1_148' title='bbox 745 2757 1048 2839; x_wconf 86' lang='lat' dir='ltr'>consuetudinem</span> <span class='ocrx_word' id='word_1_149' title='bbox 1068 2760 1240 2837; x_wconf 80' lang='lat' dir='ltr'>hatleous</span> <span class='ocrx_word' id='word_1_150' title='bbox 1258 2762 1322 2837; x_wconf 88' lang='lat' dir='ltr'>ob·</span> 
     </span>
    </p>

    <p class='ocr_par' dir='ltr' id='par_1_18' title="bbox 309 2870 1319 2982">
     <span class='ocr_line' id='line_1_22' title="bbox 309 2870 1319 2982; baseline -0.011 -15"><span class='ocrx_word' id='word_1_151' title='bbox 309 2872 488 2967; x_wconf 86' lang='lat' dir='ltr'>servatam</span> <span class='ocrx_word' id='word_1_152' title='bbox 508 2882 621 2982; x_wconf 76' lang='lat' dir='ltr'>primi</span> <span class='ocrx_word' id='word_1_153' title='bbox 608 2876 781 2957; x_wconf 74' lang='lat' dir='ltr'>fruitus</span> <span class='ocrx_word' id='word_1_154' title='bbox 808 2870 868 2953; x_wconf 90' lang='lat' dir='ltr'>seu</span> <span class='ocrx_word' id='word_1_155' title='bbox 892 2876 1039 2954; x_wconf 84' lang='lat' dir='ltr'>biennia</span> <span class='ocrx_word' id='word_1_156' title='bbox 1063 2877 1165 2955; x_wconf 90' lang='lat' dir='ltr'>nobis</span> <span class='ocrx_word' id='word_1_157' title='bbox 1188 2881 1319 2957; x_wconf 87' lang='lat' dir='ltr'>cedere</span> 
     </span>
    </p>

    <p class='ocr_par' dir='ltr' id='par_1_19' title="bbox 198 2974 1321 3093">
     <span class='ocr_line' id='line_1_23' title="bbox 198 2974 1321 3093; baseline -0.009 -10"><span class='ocrx_word' id='word_1_158' title='bbox 198 2974 221 3035; x_wconf 48' lang='lat'>2«</span> <span class='ocrx_word' id='word_1_159' title='bbox 312 2994 616 3093; x_wconf 79' lang='lat' dir='ltr'>consueverunt,</span> <span class='ocrx_word' id='word_1_160' title='bbox 629 3015 749 3091; x_wconf 87' lang='lat' dir='ltr'>neque</span> <span class='ocrx_word' id='word_1_161' title='bbox 767 2991 829 3070; x_wconf 90' lang='lat' dir='ltr'>tali</span> <span class='ocrx_word' id='word_1_162' title='bbox 844 2991 980 3070; x_wconf 80' lang='lat' dir='ltr'>litteras</span> <span class='ocrx_word' id='word_1_163' title='bbox 998 2993 1231 3069; x_wconf 82' lang='lat' dir='ltr'>investituere</span> <span class='ocrx_word' id='word_1_164' title='bbox 1246 3012 1321 3073; x_wconf 85' lang='grc' dir='ltr'>ιιι·</span> 
     </span>
    </p>

    <p class='ocr_par' dir='ltr' id='par_1_20' title="bbox 240 3101 1456 3333">
     <span class='ocr_line' id='line_1_24' title="bbox 240 3101 1321 3211; baseline -0.01 -17.316"><span class='ocrx_word' id='word_1_165' title='bbox 240 3121 385 3211; x_wconf 67' lang='lat' dir='ltr'>dat,</span> <span class='ocrx_word' id='word_1_166' title='bbox 409 3111 476 3191; x_wconf 81' lang='lat' dir='ltr'>nist</span> <span class='ocrx_word' id='word_1_167' title='bbox 491 3112 572 3188; x_wconf 88' lang='lat' dir='ltr'>talis</span> <span class='ocrx_word' id='word_1_168' title='bbox 588 3105 827 3187; x_wconf 87' lang='lat' dir='ltr'>investiendus</span> <span class='ocrx_word' id='word_1_169' title='bbox 839 3126 923 3181; x_wconf 90' lang='lat' dir='ltr'>cum</span> <span class='ocrx_word' id='word_1_170' title='bbox 940 3101 1193 3183; x_wconf 76' lang='lat' dir='ltr'>collestnribus</span> <span class='ocrx_word' id='word_1_171' title='bbox 1204 3104 1253 3185; x_wconf 88' lang='lat' dir='ltr'>bi</span> <span class='ocrx_word' id='word_1_172' title='bbox 1236 3130 1321 3207; x_wconf 45' lang='lat' dir='ltr'>pen</span> 
     </span>
     <span class='ocr_line' id='line_1_25' title="bbox 305 3220 1456 3333; baseline -0.014 -16"><span class='ocrx_word' id='word_1_173' title='bbox 305 3236 462 3317; x_wconf 83' lang='lat' dir='ltr'>nicrum</span> <span class='ocrx_word' id='word_1_174' title='bbox 476 3230 578 3332; x_wconf 81' lang='lat' dir='ltr'>prius</span> <span class='ocrx_word' id='word_1_175' title='bbox 596 3220 907 3316; x_wconf 80' lang='lat' dir='ltr'>concordaverit,</span> <span class='ocrx_word' id='word_1_176' title='bbox 942 3220 1105 3301; x_wconf 79' lang='lat' dir='ltr'>srsttltern</span> <span class='ocrx_word' id='word_1_177' title='bbox 1116 3226 1319 3304; x_wconf 82' lang='lat' dir='ltr'>concorde·</span> <span class='ocrx_word' id='word_1_178' title='bbox 1455 3262 1456 3333; x_wconf 54' lang='grc'>;</span> 
     </span>
    </p>

    <p class='ocr_par' dir='ltr' id='par_1_21' title="bbox 304 3328 1317 3441">
     <span class='ocr_line' id='line_1_26' title="bbox 304 3328 1317 3441; baseline -0.013 -14"><span class='ocrx_word' id='word_1_179' title='bbox 304 3348 540 3441; x_wconf 75' lang='lat' dir='ltr'>recoluerit,</span> <span class='ocrx_word' id='word_1_180' title='bbox 566 3342 602 3421; x_wconf 72' lang='lat' dir='ltr'>dc</span> <span class='ocrx_word' id='word_1_181' title='bbox 620 3339 763 3420; x_wconf 76' lang='lat' dir='ltr'>fruitus</span> <span class='ocrx_word' id='word_1_182' title='bbox 785 3340 872 3419; x_wconf 86' lang='lat' dir='ltr'>tales</span> <span class='ocrx_word' id='word_1_183' title='bbox 888 3334 953 3413; x_wconf 89' lang='lat' dir='ltr'>srbi</span> <span class='ocrx_word' id='word_1_184' title='bbox 966 3328 1126 3413; x_wconf 86' lang='lat' dir='ltr'>retinere</span> <span class='ocrx_word' id='word_1_185' title='bbox 1144 3334 1212 3415; x_wconf 70' lang='lat' dir='ltr'>dic.</span> <span class='ocrx_word' id='word_1_186' title='bbox 1231 3338 1317 3421; x_wconf 87' lang='lat' dir='ltr'>Deo</span> 
     </span>
    </p>
   </div>
   <div class='ocr_carea' id='block_1_5' title="bbox 303 3452 1314 3584">
    <p class='ocr_par' dir='ltr' id='par_1_22' title="bbox 303 3452 1314 3584">
     <span class='ocr_line' id='line_1_27' title="bbox 303 3452 1314 3584; baseline -0.012 -25"><span class='ocrx_word' id='word_1_187' title='bbox 303 3477 466 3584; x_wconf 69' lang='lat' dir='ltr'>gratias.</span> <span class='ocrx_word' id='word_1_188' title='bbox 503 3464 610 3555; x_wconf 81' lang='lat' dir='ltr'>Etsrc</span> <span class='ocrx_word' id='word_1_189' title='bbox 626 3459 768 3551; x_wconf 85' lang='lat' dir='ltr'>elisiois</span> <span class='ocrx_word' id='word_1_190' title='bbox 786 3457 900 3538; x_wconf 90' lang='lat' dir='ltr'>LVll.</span> <span class='ocrx_word' id='word_1_191' title='bbox 920 3457 978 3534; x_wconf 88' lang='lat' dir='ltr'>die</span> <span class='ocrx_word' id='word_1_192' title='bbox 995 3452 1112 3537; x_wconf 88' lang='lat' dir='ltr'>Xlllll</span> <span class='ocrx_word' id='word_1_193' title='bbox 1126 3460 1314 3547; x_wconf 70' lang='lat' dir='ltr'>Octobris.</span> 
     </span>
    </p>
   </div>
   <div class='ocr_carea' id='block_1_6' title="bbox 311 3726 1024 3897">
    <p class='ocr_par' dir='ltr' id='par_1_23' title="bbox 311 3726 1185 3897">
     <span class='ocr_line' id='line_1_28' title="bbox 311 3726 1024 3897; baseline -0.019 -1"><span class='ocrx_word' id='word_1_194' title='bbox 311 3890 327 3897; x_wconf 82' lang='grc'>,,</span> <span class='ocrx_word' id='word_1_195' title='bbox 560 3726 1024 3887; x_wconf 43' lang='lat' dir='ltr'>&#39;ww</span> 
     </span>
    </p>
   </div>
   <div class='ocr_carea' id='block_1_7' title="bbox 0 0 1568 4934">
    <p class='ocr_par' dir='ltr' id='par_1_24' title="bbox 0 0 1568 4934">
     <span class='ocr_line' id='line_1_29' title="bbox 0 0 1568 4934; baseline 0 1"><span class='ocrx_word' id='word_1_196' title='bbox 0 0 1568 4934; x_wconf 95' lang='lat' dir='ltr'> </span> 
     </span>
    </p>
   </div>
  </div>
 </body>
</html>
