3125 4934
386 461 454 533 ·xx
833 414 964 546 ms

397 622 552 730 srgn'cto
576 643 629 703 cx
644 619 766 701 altera
789 634 901 723 parte
934 616 1146 696 roboratas
1170 605 1332 696 Literas
1349 634 1415 694 ex·

397 730 545 843 pediti,
574 727 680 814 &ad
695 724 817 810 nostri
830 726 1035 810 vicariatus
1050 723 1282 805 Archivum
1295 746 1414 825 repo-

344 844 348 853 “
392 847 436 930 ni
462 839 646 947 iuffimus.
716 836 866 961 Actum
901 825 1155 942 Haucofurti
1197 848 1263 930 28.
1301 831 1411 916 Mar·

398 958 452 1040 tii.
477 955 594 1056 1658.

245 1095 250 1106 “
449 1092 632 1219 Joaunes
657 1092 871 1214 Philippus.
930 1090 1007 1204 (L.
1023 1095 1086 1190 S.)

668 1287 735 1376 Fr.
758 1279 978 1370 Beneuen
997 1275 1196 1383 Loudias,
1235 1278 1318 1368 FF.
1338 1283 1412 1366 Ca·

750 1399 989 1503 pucinorunr
1011 1395 1221 1478 erenunae
1241 1397 1410 1478 Provin-

751 1508 821 1589 ciae
837 1501 1017 1592 Minister
1033 1505 1312 1590 Provincialis.

918 1641 920 1646 ’
1193 1645 1268 1742 (L.
1285 1637 1358 1754 S.)

865 1863 936 1950 XI.

399 2052 732 2151 cousensus
784 2047 1154 2176 uxsrnunum
1207 2051 1406 2140 Moun-

396 2182 664 2264 STERIOLUM
683 2178 747 2250 PP.
767 2179 1027 2250 MINORIBUS
1052 2177 1115 2246 DE
1136 2173 1405 2254 OssSERVAN·

526 2291 613 2361 TIA
638 2287 977 2360 MILTENBERGAE
988 2284 1270 2363 CONCESSUS.

262 2543 265 2549 ,
444 2465 585 2542 oannes
616 2443 818 2563 Philippus
842 2449 879 2534 S.
903 2449 1015 2534 Sedis
1039 2446 1298 2558 Moguntinae
1326 2447 1404 2536 Ar·

473 2563 747 2671 chiepiscopus
769 2562 809 2644 S.
831 2562 879 2643 R.
902 2559 938 2668 J.
957 2584 1029 2665 per
1045 2559 1308 2646 Germaniam
1327 2565 1403 2645 Ar-

396 2676 717 2758 chicanccllarius
742 2671 985 2776 &Princeps
1006 2667 1192 2769 Eleiior‚
1231 2669 1402 2779 Episco-

394 2809 474 2893 pus
491 2781 794 2888 Herbipoleniis
817 2781 856 2864 &
876 2782 1072 2864 orientalis
1093 2777 1269 2866 Francrae
1286 2779 1400 2868 Dux.

305 2921 310 2930 ’
395 2895 463 2982 Ad
489 2891 661 2976 futuram
687 2895 747 2974 rei
769 2894 1008 2974 memoriam.
1077 2890 1181 2973 Cum
1214 2893 1402 2974 diuturna

330 3100 334 3110 ,
394 3005 533 3092 Nobis
561 3004 801 3110 experientia
823 3003 911 3104 plus
934 3001 1022 3082 satis
1050 3001 1398 3106 comprobaverit,

395 3119 438 3198 in
451 3115 558 3197 bene
572 3114 703 3196 multis
716 3110 1013 3194 Archidioecesrs
1027 3105 1166 3192 nostre
1182 3110 1305 3220 Mog.
1324 3135 1400 3216 op·

312 3264 316 3274 ·
396 3225 497 3333 'pidis
515 3224 556 3308 ἃ
570 3224 678 3329 pagis
691 3223 978 3326 preteritorum
997 3219 1277 3304 bellicosorum
1295 3241 1398 3305 tem·

395 3345 561 3442 porum.
598 3333 882 3436 hominumque
903 3329 1042 3435 injuria
1062 3324 1399 3416 Ecclesrarum'ac

396 3441 684 3530 beneficiorum
706 3443 747 3524 in
772 3443 817 3524 iis
845 3440 1100 3526 fundatorum
1126 3443 1398 3526 obventiones
1445 3447 1449 3456 ’

242 3571 246 3577 “
395 3557 452 3639 ita
474 3548 553 3639 effe
572 3554 815 3648 imminutas,
851 3571 897 3633 ut
918 3552 1065 3634 vixuni
1084 3551 1235 3640 clerico
1256 3568 1397 3634 curato

275 3673 279 3677 ’
394 3666 643 3749 sustentando
666 3665 831 3766 amplius
854 3657 1062 3757 sufficiant„
1097 3661 1189 3742 hinc
1204 3686 1288 3744 non
1304 3682 1396 3746 raro

397 3776 592 3881 contingit
612 3771 814 3855 crescente
828 3771 953 3853 indies
967 3771 1089 3877 magis
1105 3794 1151 3850 ac
1166 3774 1287 3878 magis
1304 3771 1398 3856 sub·

394 3885 570 3969 ditorum
586 3879 808 3965 nostrorum
831 3903 1022 3978 numeru,
1068 3879 1178 3984 quod
1201 3869 1397 3964 Ordinarii
1450 3943 1452 3946 .

393 3992 570 4104 pastores
591 3989 802 4099 presertim
817 3993 858 4074 in
878 3987 1102 4092 Majorr'bus
1120 3986 1396 4090 festivitatibus

389 4109 476 4194 imo
515 4103 556 4188 δι
585 4105 665 4187 aliis
693 4103 941 4211 temporibus
970 4099 1021 4184 ad
1048 4095 1325 4294 confeuonpn
1356 4096 1397 4180 δε

403 4251 411 4258 ’
1124 4225 1139 4242 “
1285 4233 1394 4294 acra-
