3125 4934
382 442 458 523 300

381 616 467 701 tur,
501 594 593 679 lites
603 419 982 699 ἀφιοὰΗ
766 604 970 683 verendum
991 597 1042 681 est
1059 536 1203 696 dicere,
1235 595 1455 699 conuicia

383 714 578 815 oriuntur,
612 738 660 794 ex
676 737 749 844 quo
759 718 922 816 populus
940 713 1223 809 scandalizatur,
1257 736 1341 793 cum
1363 713 1400 788 id

384 854 445 917 ert
452 824 577 907 radice
602 824 762 902 avaritie
777 828 983 925 procedere
1002 824 1190 920 videatur,
1214 823 1400 903 statuimus

346 939 602 1043 &presenti
629 942 778 1019 decreto
804 941 868 1020 sub
896 964 990 1041 pena
1013 939 1400 1019 excommunicationis

378 1051 455 1193 jam
473 1062 545 1137 late
567 1056 743 1135 sententie
764 1056 1025 1154 prohibemus,
1064 1081 1124 1135 ne
1131 1059 1176 1131 de
1195 1072 1326 1163 cepero
1331 1048 1401 1132 ali-

385 1172 464 1303 quis
480 1175 523 1249 ad
541 1150 827 1249 celebrationem
844 1170 965 1271 prime
981 1170 1107 1268 Niiiie,
1133 1168 1195 1267 qui
1210 1193 1285 1249 non
1303 1172 1344 1251 iit
1359 1172 1402 1248 de

384 1282 538 1361 civitate
552 1297 696 1385 argent.
717 1282 918 1379 oriundus,
953 1285 1012 1361 vel
1028 1280 1090 1383 qui
1104 1305 1178 1360 non
1193 1281 1402 1359 babuerunt

348 1450 358 1469 ι
386 1397 643 1477 domicilium
631 1421 669 1477 m
687 1399 787 1499 ipsa,
821 1400 879 1476 v'ei
901 1422 1041 1476 moram
1063 1415 1105 1476 ut
1124 1397 1242 1475 incola
1264 1394 1402 1473 ibidem

280 1599 281 1608 g
384 1511 564 1609 traxerit,
596 1494 833 1609 admittatur,
865 1510 1194 1605 enecadmiffns,
1223 1510 1288 1589 sub
1307 1529 1456 1607 pena

251 1632 256 1638 ’
383 1628 588 1730 predicta,
605 1628 746 1713 mitian
769 1631 928 1731 primam
954 1628 993 1706 in
1020 1626 1179 1709 Ecclesia
1203 1628 1405 1737 nostraar·

385 1762 488 1879 gent:
507 1742 671 1823 celebret
688 1766 906 1845 quocunque
923 1745 1056 1842 modo,
1081 1763 1211 1821 verum
1232 1742 1405 1845 quiahoc

374 1858 545 1940 .avaricie
567 1856 698 1935 vitium
717 1858 757 1937 in
777 1854 953 1958 religiosis
970 1856 1130 1935 unanime
1153 1856 1203 1933 est
1219 1854 1403 1935 succiden-

387 1977 514 2069 dum,
528 1974 666 2052 idcirco
680 1922 910 2052 ιιιιίοιὶιιιιιο
927 1970 1140 2073 adijcimus,
1170 1973 1265 2070 quod
1283 1972 1328 2049 de
1343 1994 1405 2048 ce·

289 2142 295 2156 .
386 2102 468 2166 tero
495 2090 614 2166 nullus
637 2086 827 2191 religiosbs
852 2086 922 2165 sub
942 2110 1037 2187 pena
1065 2084 1254 2187 prediola,
1293 2107 1405 2183 quam

385 2202 641 2283 admittentem
664 2200 701 2282 oz
724 2198 945 2285 admissum
934 2222 1123 2279 mcutrere
1142 2202 1307 2277 volumus
1324 2197 1405 2303 ipso

386 2315 511 2417 fatto,
541 2320 587 2395 ad
613 2309 895 2402 celebrationem
920 2318 1041 2418 prime
1064 2314 1195 2394 misse'
1185 2339 1222 2391 ιιι
1244 2312 1406 2397 Ecclefia

387 2432 509 2511 nolira
527 2448 672 2536 argent.
692 2428 870 2517 ullatenus
893 2432 1116 2511 admittatur.
1132 2431 1179 2507 ad
1199 2429 1268 2505 bec
1284 2428 1406 2505 siatoi·

258 2573 261 2580 ·
387 2567 469 2622 mus
489 2543 605 2626 desub
626 2564 722 2641 pena
740 2540 1127 2645 excommunicationis
1142 2538 1216 2643 jam
1234 2542 1312 2617 lote'
1325 2540 1406 2617 sem

236 2733 240 2744 ,
266 2664 273 2669 “
367 2662 504 2759 ¹tentie
527 2659 789 2759 prohibemus,
829 2686 876 2739 ne
900 2662 1120 2759 inposterum
1140 2658 1269 2757 aliquis
1296 2660 1406 2735 cleri·

291 2777 297 2782 ’
388 2790 450 2845 cos
468 2768 725 2869 beneficiatus,
757 2771 818 2847 vel
834 2770 871 2848 in
894 2768 1000 2849 iberis
1020 2765 1207 2845 ordinibus
1230 2765 1403 2844 consiitd·

385 2902 443 2961 tus
459 2870 929 2984 cujuscunquedignitatis,
957 2881 1194 2973 conditionis,
1221 2881 1279 2970 uel
1293 2880 1403 2959 slatus

330 3054 336 3063 .
385 2996 537 3086 exiliat,
557 2998 689 3075 ‚eundo
706 3015 775 3095 per
791 2996 977 3074 civitatem
993 2993 1283 3096 argentinensem
1297 2994 1404 3071 ¹cinc-

386 3128 444 3187 tus
466 3110 630 3197 incedat,
667 3108 822 3213 desuper
837 3102 940 3192 more
957 3114 1078 3214 Layco
1095 3112 1280 3189 cultellum
1298 3110 1404 3187 defe-

387 3218 510 3298 fereos
535 3218 574 3301 io
601 3219 766 3307 ciniiura
791 3222 828 3301 iu
853 3224 1092 3323 opprobrium
1119 3220 1404 3299 mansuetudinis
1457 3256 1458 3317 1

320 3334 343 3449 ’ζ
385 3333 606 3439 clericalis„
625 3338 685 3421 sed
711 3328 920 3417 inhonesto
949 3338 1101 3416 incedat·
1120 3337 1271 3422 babitu,
1313 3336 1405 3422 sicut

385 3429 492 3524 decet
513 3449 680 3530 ordinem
700 3454 918 3530 clericalem.
968 3452 1176 3529 Inhibemus
1194 3450 1303 3526 etiam
1320 3473 1403 3557 pre·

348 3605 353 3619 ·
387 3573 489 3667 terea
507 3562 675 3642 omnibus
697 3560 911 3663 presbiteris
933 3562 1114 3641 canonicis
1137 3562 1173 3641 tii
1195 3562 1401 3653 prebenda-

386 3660 452 3754 riis
476 3677 628 3762 ecclesie
656 3681 777 3763 nostre
799 3665 1057 3781 argentinensis
1084 3664 1119 3755 ri
1142 3680 1250 3756 etiam
1273 3672 1404 3777 supel-

288 3813 291 3820 ’
386 3782 527 3886 lanis,
530 3792 594 3893 qui
613 3794 760 3893 Choro,
793 3795 941 3877 ecclesio
957 3796 1076 3873 n‘o'lire
1092 3818 1165 3871 non
1179 3788 1258 3871 sunt
1273 3790 1400 3869 astric-

385 3904 441 4004 ti,
477 3904 543 3992 sub
568 3932 663 4011 pena
690 3910 1078 3991 excommunicationis
1105 3910 1177 3986 late
1202 3909 1401 4001 sententie,

386 4038 434 4100 ne
458 4036 583 4099 cetero
605 4018 717 4122 ipsam
745 4022 931 4125 ecclesiam
956 4023 981 4100 s
983 4047 1029 4100 ne
1050 4019 1230 4127 religione
1256 4017 1401 4121 ingredi

384 4132 616 4241 presumant,
651 4135 798 4224 donec
788 4162 826 4222 m
851 4120 962 4215 choro
981 4132 1128 4217 ecclesie
1142 4134 1261 4211 nolin
1245 4134 1399 4329 ιιιέῑιιι

1166 4255 1168 4271 “
1278 4266 1323 4319 0
1343 4262 1397 4329 ald
