3125 4934
112 391 113 408 *
251 489 269 526 ,·
347 444 423 525 ιιι
766 420 939 505 ⁴2²⁹

335 599 606 702 ‘Baderseopod
621 598 759 677 Mercde
773 600 923 681 disiom
958 594 1156 681 Pe‘t'itoram
1174 600 1212 681 in
1231 626 1358 682 como

346 722 399 808 iio
412 718 556 793 vineam
572 716 669 812 opud
688 714 768 791 Wal
753 718 929 813 scirorum,
963 737 1055 814 quae
1068 715 1150 792 soit
1157 718 1274 793 Rorici
1291 718 1358 791 ibi·

348 834 448 908 dem.
469 822 614 900 vineam
633 845 744 901 noem
762 827 861 923 epod
887 826 1034 917 Urium,
1069 823 1260 926 &viginti
1280 823 1358 902 soli·

348 944 414 1020 dos
427 936 599 1015 censuum
614 938 712 1033 apud
730 937 877 1035 Urium,
907 941 952 1014 de
972 935 1077 1014 bonis
1094 938 1237 1013 Heorici
1248 936 1360 1015 Scordi

272 1106 276 1114 ·
306 1046 310 1054 ’
348 1054 441 1135 dieii
465 1053 633 1179 ibidem
675 1050 858 1129 Item‘e
793 1078 829 1129 vr
832 1052 926 1154 ginti
952 1052 1080 1131 solidos
1107 1053 1278 1157 censuum
1314 1054 1358 1130 de

318 1355 321 1362 .
345 1280 482 1364 nostre.
538 1280 608 1355 De
627 1277 735 1357 horto
751 1278 892 1355 Νἰιιιαί
910 1278 1037 1357 borre
1025 1302 1065 1355 m
1080 1277 1139 1355 vie
1156 1277 1192 1353 8-
1211 1236 1360 1369 Remigii

246 1467 248 1470 ,
345 1396 411 1477 sex
437 1392 565 1473 solidos
592 1393 775 1470 censuum.
840 1396 996 1489 orrum,
1034 1393 1095 1493 qui
1119 1391 1192 1469 fnit
1217 1388 1359 1483 Henrici

201 1565 206 1580 .
351 1501 523 1597 ungarici
538 1501 576 1581 io
592 1500 685 1578 hatis
698 1502 878 1602 Episcopi.
926 1504 1050 1603 Apud
1059 1505 1256 1601 martenam
1269 1506 1358 1580 duo·

312 1650 316 1662 ·
347 1616 468 1695 decim
490 1612 657 1695 denarios
682 1614 727 1691 de
755 1615 859 1692 bonis
885 1638 1000 1693 conon
1002 1615 1031 1693 is
1055 1614 1206 1693 ibidem.
1264 1618 1357 1693 Item

226 1805 231 1830 ,,
350 1735 399 1811 de
419 1730 575 1830 quodem
590 1726 721 1821 vineo,
758 1752 867 1827 qoem
884 1732 970 1811 colit
984 1730 1201 1827 Sonoewiscb
1221 1731 1358 1807 dnode-

345 1847 421 1928 eim
449 1824 624 1921 denarios.
682 1843 743 1921 De
775 1846 882 1923 vinee
913 1848 1091 1944 quadam,
1127 1867 1237 1943 quam
1271 1847 1358 1923 colit

258 1970 262 1973 ’
347 1954 443 2033 filios
466 1950 588 2029 Wirici
601 1951 648 2025 de
659 1954 821 2031 momoria
840 1952 1059 2050 quindecim
1067 1953 1246 2030 denarios.
1297 1954 1356 2031 De

208 2138 227 2151 ,,
347 2068 458 2143 domo
472 2063 634 2138 Mennim·
648 2086 767 2164 prope
786 2064 931 2142 domum
952 2064 1156 2165 Episcopi
1145 2088 1182 2141 m
1203 2066 1359 2163 potesta-

292 2227 296 2235 ·
347 2194 386 2257 te
403 2175 523 2254 nostra
539 2176 700 2275 quinque
719 2176 859 2255 solidos
916 2178 976 2253 De
1000 2176 1107 2259 domo
1130 2181 1284 2257 Gerardi
1297 2180 1358 2279 sa-

198 2360 204 2375 ,
347 2291 489 2387 gisario
507 2304 663 2389 quatuor
681 2290 822 2369 solidos
883 2288 1003 2369 De
962 2314 1069 2370 vmeo
1088 2295 1244 2391 quadam
1260 2298 1359 2393 apud

347 2398 518 2496 Badiam,
549 2399 788 2497 quaedicitur
803 2402 850 2476 od
865 2399 969 2478 salios
985 2401 1048 2479 sex
1067 2398 1246 2481 oenar'ios.
1296 2408 1359 2485 De

208 2593 213 2603 ,
346 2514 456 2593 horto
484 2512 641 2609 quodam
662 2533 780 2611 prope
794 2513 962 2621 bognum
982 2513 1046 2591 sex
1067 2514 1246 2593 denarios.
1297 2521 1359 2597 De

276 2610 295 2646 ³
348 2630 473 2710 Domo
490 2624 526 2701 dc
542 2623 649 2701 horto
667 2628 853 2703 aemonis
868 2627 1009 2724 Longe
996 2651 1036 2705 m
1051 2628 1226 2729 potestate
1238 2633 1359 2712 nostra

347 2739 546 2826 sextarium
561 2735 646 2816 olei
701 2741 854 2817 Ire-mdc
870 2738 1149 2821 domodzhorto
1169 2742 1228 2818 Hil
1212 2738 1359 2839 ldegoiz-

194 2892 201 2901 ·
304 2858 404 2948 ,dis
424 2853 560 2932 ibidem
585 2852 782 2934 sextarium
810 2844 893 2933 olei.
966 2858 1027 2935 De
1051 2858 1159 2935 horto
1195 2858 1360 2942 warneri

115 3048 123 3068 ,
208 3035 214 3039 .
347 2973 471 3066 Royoz
492 2968 682 3053 dimidium
707 2966 903 3049 sextarium
922 2972 1012 3074 olei
1060 2973 1155 3049 Item
1182 2974 1227 3047 de
1248 2974 1359 3054 arbo-

326 3082 451 3182 >ribos
466 3082 589 3161 fitis
555 3106 694 3164 orcum
711 3084 888 3183 hospitale
907 3084 943 3163 dc
967 3088 1115 3191 domurn
1126 3108 1284 3188 novam,
1319 3090 1358 3169 dc

322 3176 456 3316 ¹borco
483 3220 601 3294 novo,
642 3198 706 3298 qm
733 3198 866 3278 dicitur
892 3204 1045 3277 Gerardi
1065 3186 1328 3293 centurionis
1315 3230 1358 3284 m

230 3395 239 3419 J
345 3302 522 3415 potestate
546 3314 665 3390 nostra
695 3317 814 3393 oleum
844 3316 929 3392 inde
961 3317 1192 3417 proveniens.
1261 3320 1359 3399 Item

287 3437 299 3463 ·“
344 3426 442 3503 bona
466 3426 586 3501 nostra
616 3432 763 3526 apud]
760 3424 859 3539 lam,
895 3430 1043 3528 Jomez,
1091 3434 1207 3528 (soen,
1247 3434 1360 3513 Fra'r

337 3538 475 3643 stoici,
507 3542 640 3634 Boos,
670 3541 779 3615 Sim-ii
803 3544 1004 3621 cumomni
1024 3532 1118 3642 ju're
1126 3546 1222 3642 qood
1240 3548 1358 3625 habe·-

112 3746 132 3758 ἐ
187 3723 189 3726 .
347 3676 430 3732 mos
458 3652 497 3730 in
524 3651 681 3746 eisdem,
724 3668 765 3727 ut
791 3654 835 3727 de
863 3654 1059 3753 proediiiis
1085 3654 1357 3753 possesionibus

343 3786 547 3864 pauperes,
571 3762 759 3838 debiles&
777 3763 913 3841 infirmi
930 3764 1067 3840 ibidem
1088 3764 1278 3841 venientes
1293 3786 1352 3843 re-

213 3897 216 3905 ’
343 3873 536 3973 ficiaotor,
578 3874 671 3951 nin
689 3874 771 3952 osus
797 3897 923 3952 eornm
947 3865 1219 3955 convertantur.
1272 3876 1355 3951 Sto·

342 3985 479 4064 mimus
502 3986 612 4063 etiam
642 3988 688 4061 de
717 3985 904 4063 voluntate
932 3984 968 4060 dc
990 3984 1129 4077 efleirsu
1150 4004 1355 4064 conventus
1399 3986 1401 3993 '

342 4102 479 4205 nostri,
514 4120 554 4185 ut
576 4102 1094 4221 praebenda'Eleemosmaria
1124 4103 1163 4181 in
1190 4103 1356 4183 Ecclesia

269 4230 287 4252 “·
730 4222 734 4230 ’
1284 4238 1354 4294 no-
