3125 4934
176 360 584 481 'coe‘
810 388 1021 476 dab·

754 511 756 514 .
944 482 952 525 r
1146 502 1150 511 .

381 562 629 667 predicatores
649 558 687 662 ‚cic
705 560 933 656 minoresoc
952 566 1068 648 ceteri
1090 568 1250 675 religiosi
1265 572 1393 653 Eccle-

381 677 449 757 sras
474 678 698 779 parochiales
720 681 781 763 udx
790 684 1054 781 predicandum
1075 708 1151 765 noa
1176 690 1316 766 debent
1335 710 1394 765 uc.

321 881 325 906 ⁸
382 800 536 895 cedere,
566 792 634 878 nili
652 818 674 874 a
692 799 962 898 parochialibus
983 799 1228 883 sacerdotibus
1251 802 1394 882 fuerint

381 910 549 1013 invitati,
581 914 643 995 seu
668 913 830 1015 ipsorum
853 912 967 1013 petita
986 914 1135 995 licentia
1157 916 1194 996 dr
1218 919 1396 1015 obtento,

380 1026 448 1108 nib
469 1031 668 1133 Episcopus
690 1029 762 1107 loci
784 1032 842 1109 vel
865 1032 1025 1128 prelatus
1046 1029 1214 1133 superior
1235 1054 1308 1133 per
1333 1055 1395 1113 eos

379 1149 567 1247 predicari
584 1147 784 1226 mandaret.
810 1146 978 1227 statutum
1003 1148 1053 1225 cst
1074 1149 1183 1227 etiam
1205 1151 1243 1229 in
1262 1152 1397 1229 eodem

381 1263 561 1363 concilio,
598 1262 695 1363 quod
711 1284 786 1341 nou
806 1282 930 1340 onmes
945 1262 1078 1342 fratres
1092 1262 1277 1342 dislorum
1297 1262 1399 1341 ordi·

288 1425 291 1431 ·
382 1404 471 1462 num
486 1380 731 1478 'undecunque
744 1378 953 1477 venientes,
986 1380 1032 1457 ad
1051 1380 1316 1487 predicandum
1336 1380 1398 1457 vel

380 1499 430 1576 ad
454 1491 691 1574 conseiironcs
724 1494 942 1575 audiendum
974 1496 1109 1575 debent
1134 1495 1311 1597 admitti,·
1333 1494 1398 1577 std

309 1705 312 1709 A
379 1610 435 1692 illi
449 1628 614 1708 tantum,
651 1632 740 1709 quos
756 1613 921 1690 locorum
940 1611 1110 1713 Episcopi
1122 1616 1169 1691 od
1184 1610 1397 1715 huJusmodi

356 1728 541 1811 ‘officium
564 1726 604 1806 in
625 1726 695 1824 suis
720 1726 919 1808 dioeefib‘us
943 1728 1117 1808 duxerint
1133 1730 1396 1813 admittendos.

380 1846 483 1924 Idem
498 1867 650 1946 quoque
664 1840 798 1941 fratres
817 1864 885 1943 per
903 1846 1108 1945 hujusmodi
1128 1842 1395 1931 concessionem

332 2040 340 2055 „
381 1963 441 2039 vel
469 1959 714 2039 admiisrouem
742 1959 1004 2061 Episcoporum
1030 1985 1105 2041 non
1128 1956 1307 2065 majorem
1330 1966 1397 2047 ha-

321 2079 331 2113 '
380 2080 473 2158 bere
494 2080 628 2155 debent
646 2073 901 2155 audioriratem
923 2097 1032 2177 quam
1051 2078 1260 2182 presbyteri
1282 2105 1395 2181 paro·
1455 2110 1456 2115 ‘

158 2263 178 2294 ¹.
333 2212 337 2216 ’
381 2194 536 2292 cbiaies,
573 2186 639 2273 oid
657 2189 827 2292 Episcopi
849 2193 1003 2291 gratiam
1025 2190 1079 2272 eis
1098 2193 1137 2271 in
1160 2194 1232 2274 hoc
1252 2196 1395 2282 saciant

241 2323 260 2399 f
380 2311 620 2414 ampliorem,
658 2304 694 2401 dr
711 2307 796 2385 licet
813 2304 901 2385 uicti
918 2306 1051 2387 iratres
1065 2308 1218 2389 liberam
1233 2314 1396 2421 habeant

243 2498 248 2505 .
381 2426 605 2527 sepulturam
616 2442 745 2535 tameo
762 2448 809 2503 ne
826 2426 1049 2527 parochiales
1065 2425 1226 2511 Ecclesia
1243 2430 1281 2511 dr
1297 2432 1403 2537 ipsa,

380 2566 466 2627 rum
498 2538 616 2619 curati
644 2539 707 2637 seu
734 2534 912 2625 Rcdlores
937 2538 1000 2642 qui
1023 2534 1227 2626 ministrare
1251 2548 1396 2633 habeut

334 2688 339 2695 ¹
362 2643 624 2739 -uecrenouca
644 2656 892 2751 sacramenta,
906 2735 909 2743 ,
924 2654 1104 2755 quibusve
1126 2655 1271 2759 dejure
1294 2685 1396 2745 com·

201 2842 207 2855 ,
381 2768 476 2875 petit
495 2769 708 2869 predicare,
732 2762 770 2845 dr
791 2762 1180 2870 eonfellionesaudire
1203 2772 1393 2879 fidelium,

236 2908 241 2923 =
381 2883 514 2961 debitis
533 2880 720 2961 beneficiis
739 2882 1021 2969 defraudentur,
1052 2880 1173 2961 statuit
1192 2887 1394 2971 concilium

380 2990 614 3099 predidium,
653 2998 756 3104 quod,
779 2995 960 3075 didlorum
989 2996 1157 3074 ordinum
1180 2998 1315 3079 sra'trcs
1345 3006 1393 3086 de

291 3164 299 3177 .
381 3107 551 3186 omnibus
575 3103 856 3203 obventionibus
875 3123 947 3183 taor
966 3104 1189 3199 funeralibus
1212 3132 1322 3207 quam
1345 3118 1395 3195 de

336 3282 342 3295 .
379 3219 651 3327 quibuscunque
661 3218 706 3319 ‚tir
724 3220 1049 3323 quomodocunque
1064 3220 1201 3301 reliciis
1218 3224 1391 3309 distindle

342 3403 347 3411 .
378 3338 439 3415 vel
457 3334 664 3413 indistintie
685 3336 731 3410 ad
751 3335 981 3435 quoscunque
1003 3353 1119 3428 certos
1136 3340 1392 3449 vel'determi-

241 3488 261 3536 τ
357 3462 483 3557 natos
502 3450 582 3531 usus
605 3455 651 3535 de
677 3453 809 3549 quibus
839 3451 946 3531 etiam
971 3470 1099 3551 quarta
1122 3454 1194 3533 me
1212 3460 1390 3541 canonica
1453 3506 1454 3555 n

377 3570 507 3675 porcio
533 3566 611 3646 dari
642 3565 715 3645 slve
743 3569 853 3669 exegi
880 3592 953 3647 non
978 3564 1182 3675 cousuevit,
1223 3575 1283 3651 vel
1310 3599 1388 3657 non
1453 3558 1454 3579 Ν

379 3688 489 3765 debet
510 3684 555 3760 de
572 3688 678 3781 jure,
714 3702 783 3759 uec
804 3705 875 3759 non
899 3685 943 3758 de
962 3682 1052 3761 dotis
1068 3688 1124 3761 vel
1142 3684 1388 3784 qualitercun-

379 3825 452 3904 que
478 3802 640 3893 donatis,
673 3800 711 3879 in
733 3814 873 3891 morte„
907 3797 967 3875 seu
990 3798 1116 3877 mortis
1137 3799 1312 3900 articulo,
1346 3804 1387 3885 in

252 3986 256 3994 ,
333 3944 336 3953 ·
378 3917 544 3996 donantis
568 3916 627 4002 vel
648 3910 764 3991 dantis
787 3910 1019 4009 infirmitate,
1052 3912 1089 3989 in
1109 3930 1179 4011 qua
1198 3912 1387 3998 decesserit

344 4043 348 4047 ’
376 4021 704 4139 quomodocunque
734 4024 878 4127 diresle
910 4031 969 4107 vel
994 4024 1173 4111 indiretle
1206 4028 1385 4113 matribus

1110 4183 1153 4240 '1
1225 4160 1235 4247 s
1273 4150 1384 4257 iPsssa
