3125 4934
367 400 444 480 ,οι
535 382 541 401 ’
715 372 718 381 ’
788 379 961 471 Η

367 558 414 637 lis
435 557 664 661 publicamus
684 562 785 663 quod
810 558 876 642 surb
893 559 1002 642 titulo
1021 558 1070 639 de
1086 555 1255 661 reliquiis
1269 557 1311 639 dr
1326 580 1389 645 ve·

177 719 180 727 ·
358 675 559 754 neratioue
592 672 801 756 sannorum
830 674 953 755 statuit
973 668 1165 763 ‚mamlius
1200 670 1388 775 ΕΜ

203 784 209 801 “
349 786 600 889 ,ρτεάἰξὶιιω,
643 788 836 884 videlicet,
884 789 982 888 quod
997 792 999 796 ’
1016 786 1215 889 gloriosum
1251 786 1390 871 festum

363 900 605 1005 pretiofiffimi
653 901 869 982 sacramenti
908 902 1086 1003 Corporis
1122 901 1159 980 dr
1201 901 1386 1007 sanguinis

236 1032 238 1036 ·
331 1034 335 1041 ·
365 1010 521 1091 Domini
539 1006 651 1088 nolbi
673 1012 751 1112 Iesu
776 1011 899 1111 conlui
917 1013 1015 1094 seria
1034 1012 1162 1115 quinta
1182 1016 1265 1114 post
1283 1013 1386 1093 odia·

363 1149 449 1204 vam
476 1127 701 1228 pentecostes
726 1131 899 1232 proxima
917 1131 1030 1209 annis
1043 1127 1191 1229 iugulis
1213 1154 1299 1211 cum
1319 1155 1386 1211 no·

363 1263 449 1318 vem
467 1238 710 1333 lectionibus,
742 1241 863 1345 &per
886 1242 1053 1323 odiavam
1073 1263 1158 1320 cum
1177 1238 1298 1325 tribus
1320 1238 1385 1323 de}

362 1369 449 1432 vote
473 1352 510 1430 dc
530 1352 782 1454 sollempniter
808 1356 1028 1443 celebretur.
1054 1350 1055 1356 ‘
1088 1355 1199 1445 Unde
1218 1354 1385 1459 vobisde

362 1464 513 1569 singulis
537 1465 760 1565 vestrumin
783 1467 920 1575 virtute
946 1462 1071 1548 unde
1095 1466 1307 1559 obedientie
1325 1467 1399 1549 iu·'

292 1624 331 1660 n·
356 1579 545 1682 jungimus
560 1578 716 1659 firmiter
734 1580 771 1671 dc
790 1579 951 1661 districte
970 1594 1011 1659 ut
1025 1578 1138 1659 officii
1152 1581 1197 1656 de
1213 1582 1287 1658 hoc
1301 1580 1381 1683 spe·

179 1688 182 1695 ’
362 1695 505 1777 cialiter
519 1693 679 1773 ordinati
698 1693 915 1775 tenorem&
931 1691 1121 1791 ordinem,
1145 1678 1252 1793 vobis
1266 1692 1381 1795 usqua

313 1814 316 1821 ’
360 1807 408 1903 ad
429 1810 562 1890 feriam
584 1812 748 1911 quintam
768 1809 1012 1912 prescriptam·
1033 1809 1113 1908 post
1136 1809 1270 1889 festum
1291 1812 1380 1893 Pen-

215 2000 220 2013 ,
277 2002 279 2007 ,
360 1924 511 2003 tecostes
528 1925 698 2026 proxime
710 1948 808 2012 nunc
823 1941 1039 2023 venturam,
1063 1919 1165 2025 cujus
1182 1923 1296 2003 officii
1314 1948 1378 2025 vu·

332 2082 334 2089 ·
360 2035 427 2120 bis
446 2036 486 2116 in
511 2038 680 2125 Ecclesia,
701 2038 823 2117 uolua
849 2035 1095 2140 argentinenfi
1122 2035 1378 2145 copiatnfieri

358 2151 554 2255 volumus,¹
585 2151 712 2231 vestris
733 2151 935 2254 sumptibus
954 2149 1182 2250 procuretis,
1205 2152 1262 2229 Ita
1277 2159 1377 2251 quod

360 2260 460 2341 didio
476 2260 557 2359 die,
591 2263 628 2341 d'r
645 2266 691 2342 de
706 2280 836 2349 ‚cetero
854 2263 1001 2364 iugulis
1018 2262 1123 2341 aunis
1139 2259 1280 2343 dictum
1300 2260 1377 2347 offiss

358 2372 457 2454 cium
484 2376 613 2455 eodem
644 2377 703 2456 die
727 2392 896 2478 tempore
928 2374 1097 2456 revoluto
1124 2372 1389 2475 sollempniter-

217 2576 222 2606 Ι
359 2486 543 2595 peragatis
569 2486 730 2575 subditos
754 2511 901 2590 quoque
927 2488 1063 2568 vestros
1087 2484 1273 2565 dominica
1295 2488 1375 2569 dic·

357 2617 434 2681 tam
451 2599 614 2699 quintam
633 2601 766 2681 feriam
781 2603 1006 2702 precedente
1020 2597 1219 2695 moneatise
1244 2616 1290 2680 ut
1303 2618 1373 2702 per

329 2708 335 2717 “
357 2714 490 2817 puram
511 2713 766 2813 confessionem
788 2714 1075 2796 Elemosrnarum
1090 2713 1371 2818 Largicionem,

296 2836 298 2843 '
356 2846 511 2906 attentas
537 2825 731 2909 &sedulas
755 2829 937 2910 orationes
957 2829 993 2907 dc
1010 2828 1082 2907 alia
1108 2829 1371 2913 devotionisdc

357 2941 501 3041 pietatis
518 2960 632 3036 opera
649 2942 770 3017 taliter
788 2941 1002 3039 sestudepnt
1014 2961 1238 3041 preparare,
1272 2946 1380 3043 quod

357 3048 562 3151 hujusmodi
578 3049 794 3130 sacramenti
816 3051 1054 3151 pretiosissimi
1071 3068 1286 3133 mereantur
1306 3058 1383 3137 lie.

356 3166 391 3246 ri
410 3166 605 3266 participes
626 3167 687 3244 illo
709 3167 768 3245 die
788 3167 824 3246 dc
843 3165 918 3270 ejus
938 3168 1074 3246 virtute
1093 3171 1365 3269 augmenncio-

354 3304 440 3362 nem
465 3281 634 3381 consequi
659 3282 875 3384 gratiarum.
936 3279 1023 3380 Ipsus
1047 3301 1192 3399 quoque
1213 3282 1365 3366 suubditis

227 3458 229 3463 .
331 3424 337 3443 2
352 3395 623 3495 indulgenciam
653 3405 761 3496 quam
791 3393 1029 3474 exaudicioue
1058 3394 1268 3492 divinorum
1295 3398 1363 3481 illis

285 3570 288 3577 .
354 3508 480 3585 diebus
513 3507 644 3606 quibus
669 3506 876 3606 hujusmodi
902 3507 1062 3587 officium
1092 3507 1218 3609 agitur
1244 3510 1362 3593 conse·
1412 3520 1414 3575 l

351 3608 531 3719 quantur,
565 3619 702 3697 Lucide
727 3620 930 3718 exponatis.
988 3620 1171 3700 Videlicet
1192 3624 1360 3705 omuibus

350 3757 439 3813 vere
462 3733 710 3832 penitentibus
733 3732 769 3810 dc
793 3735 957 3813 coufessus
976 3733 1040 3834 qui
1057 3737 1263 3817 matutinali
1282 3741 1360 3819 offi-

285 3855 287 3858 ’
349 3850 406 3927 cio
424 3847 505 3923 sesti
525 3846 685 3924 eiusdem
706 3839 743 3923 i'n
758 3846 916 3925 Ecclesia
929 3847 969 3925 in
990 3869 1061 3948 qua
1078 3847 1175 3926 idem
1194 3850 1359 3928 celebra·

348 3976 430 4053 ων,
462 3960 710 4043 interfuerint.
769 3964 926 4043 eentum
949 3965 1122 4063 quivero
1146 3963 1250 4044 misse
1273 3965 1357 4065 toti·

346 4075 453 4172 dem,
485 4077 547 4177 qui
565 4092 687 4157 autem
702 4075 740 4153 in
756 4076 886 4176 primis
903 4078 1012 4180 ipsius
1032 4077 1114 4159 sesti
1125 4078 1290 4180 vesperis
1306 4079 1357 4156 iu·

524 4198 531 4213 ‘
1283 4208 1356 4274 ter·
