3125 4934
136 423 141 436 2
258 486 266 498 ,
366 346 460 468 ιοόΙ
596 385 602 398 ’
787 379 1006 466 Μ»

368 500 906 666 grem,neum1texaaat1a
921 531 1098 652 intendit,
1119 578 1296 658 maguum
1310 552 1376 633 sobi

371 692 570 754 accrexece
591 671 695 753 fecit.
744 673 920 774 Rodulfoa
937 693 1028 753 vero
1055 668 1155 750 iuna
1177 661 1379 749 commotus

367 809 523 894 propter
544 792 686 870 castella
699 792 873 890 perdita,
907 793 998 870 dum
1015 790 1186 890 praedari
1204 815 1282 870 non
1303 812 1379 868 ces·
1451 784 1452 793 '

367 905 440 1006 sat,
463 908 650 986 abbatiam
665 901 780 983 sanni
796 907 966 1007 ςιιὶιιιὶιιὶ,
991 907 1040 984 ab
1054 899 1381 983 denomoinben

251 1047 255 1056 ·
367 1029 404 1106 lo
432 1024 625 1104 occiditur.
684 1024 907 1103 Nortmanni
933 1047 1026 1103 vero
1046 1020 1125 1122 jam
1149 1016 1383 1122 multiplicati

367 1140 493 1242 paucis
518 1157 603 1241 ante
623 1135 852 1216 nativitatem
879 1136 1018 1216 domini
1040 1137 1167 1216 diebus
1187 1133 1336 1216 insam
1325 1155 1382 1210 m·

252 1285 256 1290 ·
367 1251 476 1356 gressi
498 1253 655 1332 anticiaco
673 1250 795 1330 sedem
816 1251 884 1329 fibi
903 1253 1002 1330 nullo
1023 1251 1208 1334 resistente
1221 1252 1381 1331 firmam.
1452 1300 1453 1317 ‚

345 1379 348 1388 '
366 1368 542 1474 Arnnlfas
560 1371 644 1448 Rex
658 1355 785 1442 Romae
796 1367 1004 1467 Imperator
1017 1365 1185 1448 efficitur

442 1542 731 1631 DCCCXCVII.
754 1542 833 1621 Post
853 1543 1050 1644 hocusque
1067 1508 1256 1638 mosamm
1276 1560 1384 1639 proe-

370 1673 415 1748 da
438 1660 609 1745 exierunt
630 1654 728 1732 nullo
746 1650 815 1729 fibi
831 1653 1026 1735 refistente.
1044 1657 1219 1755 apraeda
1235 1675 1326 1728 vero
1342 1649 1385 1728 il-

225 1799 232 1810 ·
367 1781 412 1859 lis
443 1766 736 1866 revertentibus,
771 1770 934 1848 occurrit
960 1770 1060 1872 regis
1084 1771 1291 1862 exercitus,
1323 1765 1386 1841 sed

136 1922 139 1930 ’
252 1926 257 1976 ι
330 1928 345 1980 a
370 1894 423 1978 nii
443 1885 705 1990 profecerunt,
740 1903 869 1962 verum
889 1869 1100 1965 nortmanni
1124 1883 1171 1958 ad
1193 1903 1305 1960 naves
1323 1903 1386 1958 re-

369 2003 464 2084 versa
486 2002 656 2080 timentes
682 1989 955 2082 multitudinem
975 1995 1181 2095 exercitus,
1217 2017 1265 2074 ne
1291 1995 1386 2075 obfi-

371 2126 567 2216 derentut,
592 2114 631 2204 in
644 2114 837 2215 Sequanam
851 2117 1062 2213 redierunt,
1085 2113 1212 2216 ibique
1227 2126 1306 2192 toto
1321 2115 1387 2192 de

228 2265 234 2295 ’
368 2253 550 2324 morantes
573 2231 703 2308 aestate
731 2233 885 2330 praedas
910 2232 1069 2332 agebant
1089 2231 1190 2312 nullo
1216 2227 1285 2306 sibi
1301 2227 1388 2309 reii-

1452 1212 1454 1275 i

370 2372 487 2440 tente.
540 2347 693 2428 Karalus
716 2367 806 2423 vero
823 2349 1052 2428 bandaomad
1066 2348 1102 2426 se
1118 2344 1317 2449 deduiium
1329 2343 1388 2422 di.
1454 2444 1456 2449 ,

235 2511 239 2516 ·
367 2472 456 2550 vino
471 2460 686 2563 monasterio
702 2459 742 2542 in
760 2463 893 2564 pascha
910 2489 994 2545 eum
1002 2453 1057 2542 de
1075 2463 1296 2543 sacrofonte
1314 2465 1389 2551 fiss-

373 2589 483 2687 cepit.
502 2601 631 2676 verum
652 2577 822 2676 posthaec
836 2580 899 2679 hi,
932 2580 1098 2682 quicum
1114 2578 1243 2659 Karoia
1256 2597 1387 2672 erant,

370 2704 536 2782 videntes
558 2694 657 2773 suam
678 2693 924 2795 paucitatem,
960 2697 997 2773 de
1016 2697 1158 2799 pullum
1179 2708 1300 2774 tutum
1323 2699 1387 2777 ba·

109 2811 112 2822 '
153 2841 180 2922 j
226 2825 247 2872 ι·
368 2817 599 2896 bereloeum
622 2805 828 2908 refugii,
816 2827 950 2889 nerum
967 2810 1314 2913 adortmnmregem
1331 2818 1388 2893 di-

230 2931 274 3028 j
335 2941 341 2960 ‘
368 2936 549 3037 rigum,
558 2927 726 3031 quatinus
756 2927 804 3003 ad
827 2926 1044 3008 memoriam
1067 2931 1261 3010 reduceret
1287 2941 1389 3032 quod

370 3045 492 3130 senior
508 3065 635 3121 eorum
657 3037 751 3117 filius
770 3032 857 3118 esset
873 3038 927 3118 sni
943 3042 1126 3142 quondam
1144 3041 1318 3146 senioris,
1349 3048 1389 3128 dc

370 3173 516 3264 partem
534 3153 694 3254 aliquam
717 3149 752 3226 ei
769 3173 817 3229 ex
833 3157 987 3252 paterna
1007 3174 1124 3254 tegno
1146 3159 1388 3256 concederet,

373 3275 464 3355 adeo
485 3272 570 3348 Rex
592 3289 675 3345 cum
699 3264 1016 3346 confiliosuorum
1032 3267 1243 3367 respondit,
1278 3271 1388 3356 seilli

371 3384 467 3474 velle
485 3376 672 3474 misereri,
697 3374 806 3455 fifibi
822 3376 973 3480 liceret,
1005 3377 1389 3485 &intercurrentibus

372 3492 510 3581 nuntiis
526 3489 631 3568 venit
649 3489 802 3570 Karolns
820 3491 866 3566 ad
881 3513 988 3593 eum,
1020 3517 1130 3596 quem
1132 3492 1210 3574 ille
1224 3494 1389 3602 benigne

372 3601 547 3704 suscepit,
580 3576 752 3699 deditque
776 3597 973 3682 citantem
995 3626 1173 3706 eregna,
1208 3623 1390 3702 quantum

248 3757 258 3773 =
371 3720 441 3804 fibi
467 3716 584 3797 visum
605 3713 700 3811 fuit,
741 3712 978 3814 promisitque
1000 3714 1159 3816 majora,
1194 3714 1390 3798 &remisit

372 3857 456 3916 eum
481 3834 528 3908 ad
549 3831 670 3906 locum
693 3822 796 3904 suum
805 3826 1015 3926 pacificato
1037 3826 1202 3906 amaena
1226 3850 1311 3903 cum
1328 3852 1388 3910 eo.

282 4006 285 4018 .
375 3950 564 4061 Banasam
579 3941 688 4022 etiam
699 3941 860 4023 naban
873 3942 1034 4022 faciente
1042 3959 1144 4021 vemt
1156 3942 1204 4018 ad
1218 3940 1387 4044 Regem,

372 4047 484 4166 quem
503 4061 590 4144 Rex
615 4055 817 4139 honorifice
840 4055 1018 4220 suscepit,
1059 4055 1165 4134 dede
1191 4056 1387 4159 omnibus,

312 4189 316 4208 '
1291 4191 1384 4269 quae
