3125 4934
263 386 541 523 '372¹
714 410 997 507 ,Ρῆ

412 594 589 680 minicuin
605 589 644 671 in
659 590 752 671 fesso
773 592 880 692 pasce
902 601 1115 671 reverenter
1139 584 1420 687 disponentur
1443 620 1444 673 l

415 711 500 814 quia
516 710 638 810 plures
667 728 715 785 ex
736 703 978 785 sttccrdotibus
1007 704 1124 783 nostre
1141 701 1256 782 Dioc.
1278 714 1422 803 propter

414 828 575 931 ipsorum
589 822 859 925 simplieitatem
879 822 961 925 sepe
983 820 1168 919 dubitant,
1194 822 1262 919 qui
1285 820 1358 897 sunt
1372 820 1444 890 aut*

415 956 594 1023 uocenntr
620 936 719 1017 casus
741 938 936 1041 speciales,
961 934 997 1015 u
1022 936 1085 1036 qui
1101 936 1366 1037 Episcopales,
1392 942 1424 1005 ut

415 1054 533 1157 igitur
555 1053 643 1129 tales
668 1050 936 1151 informentur,
966 1055 1062 1129 unde
1089 1049 1222 1149 possint
1240 1044 1425 1150 mugisse
1444 1046 1445 1121 l

416 1167 576 1253 iubriter
598 1160 825 1242 subditorum
857 1172 983 1245 mantis
1010 1162 1199 1243 animabus
1224 1164 1425 1245 consulere,

416 1280 670 1383 lllospresenti
683 1280 804 1359 nostro
815 1280 944 1375 statuto
960 1256 1188 1360 decrevimus
1205 1279 1427 1378 distinguen-

419 1404 503 1481 lose
536 1396 641 1477 ‘uude
667 1392 767 1473 casus
781 1392 962 1494 speciales
991 1396 1072 1476 sunt
1091 1396 1252 1495 quinque
1274 1406 1446 1495 numero,

417 1508 591 1589 uidelicet
618 1525 703 1584 com
727 1503 807 1605 quis
833 1528 981 1589 manum
1008 1507 1204 1587 violentam
1238 1504 1366 1585 mittit
1395 1499 1426 1577 in

418 1621 595 1701 clericum
623 1617 684 1695 vel
704 1638 958 1718 quemcunque
978 1618 1204 1723 Religiosum
1227 1621 1296 1701 seu
1319 1618 1426 1699 eciam

417 1729 628 1815 monialem.
687 1728 782 1805 Item
806 1727 974 1807 incendia
988 1729 1229 1809 Ecclefiarum
1252 1736 1322 1811 vel
1340 1734 1428 1809 loco

414 1866 502 1924 rum
519 1835 802 1943 Religiosorum.
850 1838 942 1917 Item
962 1839 1124 1943 symonia
1140 1838 1180 1919 in
1195 1844 1335 1923 ordine
1350 1862 1427 1941 per·

417 1968 574 2062 pettata.
622 1952 715 2031 Item
737 1950 886 2030 falsario
905 1951 1110 2033 litterarum
1130 1957 1436 2056 apostolicarmu·

418 2073 514 2151 Item
529 2065 727 2145 celebratio
746 2064 966 2145 Divinorum
979 2065 1019 2143 in
1030 2071 1428 2150 excommunicacione.

418 2182 647 2287 Episcopales
668 2197 759 2257 vero
790 2176 872 2258 sunt
898 2182 1158 2279 homicidium,
1194 2184 1427 2286 sacrilegum,

398 2291 631 2377 Incendium
650 2289 804 2369 aliormn
822 2292 986 2373 lucorum
1018 2314 1093 2371 non
1120 2290 1338 2395 sitcrorum,
1370 2316 1428 2393 pa·

420 2411 521 2491 ilum
542 2424 671 2483 uonna
685 2421 877 2503 naturam,
901 2408 1165 2487 concubinatus
1188 2413 1426 2508 personnarum

418 2514 685 2620 Religiosirum
714 2513 883 2594 insuetis
916 2517 1103 2619 ordinibus
1135 2521 1425 2614 constitutarum,

416 2628 575 2719 Incestus
604 2626 774 2706 videlicet
817 2650 902 2707 cum
931 2628 1198 2729 conungoinea
1221 2624 1286 2711 ¹vel
1309 2636 1426 2725 affine,

418 2755 482 2821 aut
497 2760 579 2817 curu
596 2736 648 2815 est
667 2759 738 2837 que
754 2755 881 2819 votum
899 2738 1065 2819 castitatis
1083 2738 1232 2837 emissit,
1257 2742 1425 2842 Injeslio·

423 2876 487 2935 nes
500 2870 672 2929 manuum
684 2851 917 2951 inponentes,
941 2857 1000 2931 vel
1019 2852 1133 2933 eciam
1146 2854 1188 2934 in‘
1201 2858 1360 2943 clericos
1375 2860 1427 2939 vel

420 2961 590 3065 personas
617 2958 866 3065 ecclesiasticas
894 2963 1024 3041 leviter
1047 2960 1170 3043 tamen
1194 2964 1319 3068 saue,
1369 2994 1426 3071 op

417 3068 612 3173 pressiones
635 3072 873 3169 parvulorum
902 3096 949 3151 ex
968 3073 1198 3175 negligencia
1216 3098 1424 3177 parentum,

271 3230 274 3235 -
418 3183 636 3260 veneficium
663 3182 723 3260 vel
762 3185 868 3263 dacIo
904 3189 1060 3288 veneni,
1118 3192 1325 3292 perjurium
1360 3200 1425 3277 side

414 3296 578 3390 frasiio,
612 3314 780 3407 votomm
799 3301 1042 3401 transgressio,
1071 3303 1221 3385 simonia
1236 3310 1276 3389 in
1294 3314 1424 3393 benesi-

417 3407 497 3509 ciu,
529 3409 587 3482 vel
610 3407 954 3512 assasquaseunque
975 3413 1014 3519 in
1043 3416 1172 3495 ordine
1191 3410 1423 3521 adulterum,

416 3515 578 3613 herefis,
604 3516 805 3619 sepostasta,
831 3524 1077 3625 plasphemia,
1101 3530 1296 3614 wdefloratio
1315 3528 1424 3637 uirgi-

416 3633 496 3727 nis,
528 3633 734 3713 maleficum
759 3642 833 3735 ejus
862 3641 924 3741 qui
949 3643 1132 3723 malefecit
1162 3649 1339 3755 conjuges
1355 3678 1423 3737 nun

415 3746 546 3858 possint
577 3750 698 3843 coire,
731 3755 939 3852 procuratio
965 3757 1156 3841 sterilitatis
1183 3773 1351 3857 mulieris
1374 3773 1421 3851 fu·

418 3880 515 3949 cuens
539 3858 598 3937 steu
616 3882 813 3956 procurans
835 3866 1017 3957 aborsum,
1043 3870 1188 3954 falsacio
1204 3856 1313 3987 sigilli
1329 3888 1423 3965 litte·

406 3990 456 4045 se
478 3974 535 4048 ves
560 3975 808 4077 instrumenti,
850 4006 925 4077 non,
952 3984 1162 4087 principalis
1182 4001 1241 4073 vel
1263 4018 1421 4100 monete,

413 4086 454 4163 in
473 4083 542 4167 biis
562 4088 660 4172 erim
675 4089 836 4196 cafibus,
860 4086 1057 4197 &similis
1076 4108 1289 4195 confitenter
1302 4118 1351 4193 ad
1365 4116 1422 4195 Pa·

1341 4252 1424 4332 paru
