3125 4934
323 475 328 492 .
567 375 740 462 θ’*
826 493 847 511 ¹,
1101 345 1148 486 aa

160 575 166 586 ·
229 555 296 648 ,Vl
319 559 409 637 Item
431 556 681 656 promtum:
718 575 843 632 arcem
866 553 1059 656 Karlfiein,
1094 587 1154 643 oo·-

180 685 308 766 ronam,
330 662 493 747 ¹clenodia
506 665 627 772 Regni
642 665 678 742 dr
694 665 833 744 tabulas
847 663 1061 766 privilegia,
1086 695 1153 754 ne.

182 781 254 858 mini
273 779 598 872 nelleeommittere
619 779 679 858 seu
697 780 898 873 confidere,
930 781 1066 882 absque
1085 812 1152 869 vo.

178 891 351 972 luotatedz
379 892 525 972 consilio
549 893 770 988 Beronum,
794 889 1004 972 militarium
1029 900 1153 1003 Regni
1219 993 1235 1008 ,

178 1005 398 1098 bohemiae&
415 1004 569 1085 civitatis
583 1004 789 1106 Progensrs,
808 1003 849 1082 du
862 1004 1036 1110 diorum,
1059 1018 1153 1115 quae

179 1121 212 1194 ad
223 1119 255 1198 id
269 1122 325 1198 Ius
340 1120 486 1200 habeut.

236 1269 312 1350 Vll.
336 1271 452 1368 Item,
475 1265 697 1348 addiximus:
724 1267 868 1364 quando
881 1268 927 1344 ad
941 1269 1151 1357 coronatio·
1211 1239 1215 1244 ι

178 1403 245 1460 uem
267 1384 474 1479 veniemus,
510 1381 606 1482 quod
627 1379 791 1475 volumus
815 1379 979 1459 ordinem
1003 1381 1152 1467 danti-

123 1499 125 1520 ²
175 1492 588 1685 &monsuetudinem
605 1489 728 1592 Regni
752 1493 946 1574 Bolmmiae
970 1511 1095 1579 tenere
1116 1503 1162 1582 61-

122 1737 124 1820 i
235 1751 329 1848 Vlll.
355 1751 445 1830 Item
459 1749 707 1853 promisimus:
739 1753 785 1827 de
800 1745 979 1831 eiuaneis
998 1759 1149 1860 ramspi·

122 1875 124 1914 2
176 1863 372 1962 ritualibus,
411 1887 518 1962 quam
545 1861 813 1952 Saecularibus,
844 1869 892 1943 ad
917 1870 1014 1945 nulla
1038 1869 1155 1950 officia

177 1971 281 2075 Regini
304 1975 364 2048 vel
389 1971 575 2062 civitatum
595 1991 658 2051 aut
682 1973 920 2072 spirimalium
944 1975 1013 2056 elle
1034 1976 1156 2062 'locan-

122 2089 124 2146 ἓ
179 2087 248 2173 dos,
275 2107 396 2186 neque
416 2106 542 2184 arces,
578 2085 764 2184 civitates,
788 2107 944 2168 coronae
962 2091 1157 2174 Bohemiae

122 2209 123 2220 '
177 2198 594 2282 eisdemcommirrantnr.

150 2375 163 2416 ⁶
235 2375 296 2452 IX.
318 2374 435 2470 Item3
460 2367 701 2470 promisrmus,
726 2371 1159 2477 nosvelleageredrpro-

178 2513 290 2568 curare
305 2487 413 2590 juxta
432 2488 586 2564 nostram
612 2486 856 2586 diligentiam,
887 2504 928 2566 ut
943 2482 1151 2570 Rex'oeor-

177 2607 261 2700 gius,
283 2605 607 2704 piaememoriae,
647 2603 691 2680 ab
717 2604 883 2701 omnibus
907 2612 1156 2688 excommuni-
1227 2631 1232 2639 ’

121 2685 124 2826 i
181 2718 390 2812 sationibus,
420 2715 761 2818 aggravationibos,
786 2715 975 2815 vituperiis
990 2720 1157 2822 spirima·
1305 2737 1309 2744 '

121 2827 123 2946 l
177 2831 274 2924 libus,
299 2830 428 2932 quibus
444 2831 481 2907 in
500 2829 573 2906 vira
586 2827 621 2905 dr
636 2827 714 2928 post
729 2827 906 2905 obnoxius
922 2845 1020 2927 erat,
1049 2832 1160 2943 &ut-

121 2947 122 2950 ‘
178 2967 305 3040 cunque
327 2943 389 3019 illa
412 2940 449 3018 in
473 2960 554 3020 eum
576 2954 844 3040 provenerunt,
879 2943 1157 3040 spadanorum
1255 2957 1258 2965 ’

176 3053 373 3134 Pontificem
398 3051 563 3148 efficere,
599 3073 671 3130 una
697 3074 779 3130 eum
805 3053 1006 3134 Batonibus
1027 3059 1160 3140 milita·

121 3171 122 3246 ἶ
177 3168 264 3246 ribus
286 3162 607 3245 civitatensibus&
628 3180 703 3242 tota
723 3165 982 3245 communitate
998 3184 1072 3249 tarn
1089 3171 1162 3272 spi·
1224 3160 1227 3167 ’

121 3285 123 3374 l
176 3276 347 3356 ritualium
367 3297 474 3374 quam
492 3273 748 3372 saecularium,
774 3293 814 3354 ut
825 3278 1047 3384 liberentur,
1077 3287 1159 3367 abs·

121 3457 123 3486 ,
178 3415 237 3494 que
253 3391 374 3491 aliqua
386 3389 502 3492 fatiga
516 3389 552 3467 dr
567 3388 730 3488 expensas
747 3389 830 3474 suis.

235 3552 279 3632 X.
303 3553 436 3656 ltem3,
467 3548 712 3650 promisimus:
756 3549 854 3647 quod
883 3569 959 3633 nou
985 3552 1159 3631 debemus

174 3666 393 3770 provincias,
426 3669 595 3763 ducatus,
633 3665 819 3765 civitates,
852 3675 974 3766 arc'es,
1000 3669 1162 3769 castella,

177 3778 349 3880 oppida&
365 3798 599 3877 quaecunque
611 3777 680 3856 alia
695 3778 790 3859 bona
800 3779 1021 3880 pertinentia
1031 3785 1076 3859 ad
1087 3787 1163 3865 Re·

176 3917 280 3997 guum
311 3893 529 3989 bohemiae,
572 3917 593 3971 a
622 3916 755 3974 corona
786 3896 981 3976 Bohemiae
1007 3899 1166 3980 alienare

176 4015 266 4094 nullo
292 4009 402 4114 pado
425 4010 487 4094 seu
502 4009 638 4108 ¹otrodo,
668 4025 731 4088 aut
745 4012 826 4096 ullis
841 4011 882 4099 iu
892 4011 1167 4098 matrimonium

674 4127 754 4225 E5
1100 4134 1167 4213 do·
