3125 4934
587 380 760 505 Μ
803 422 817 431 “
965 460 970 480 ’
1014 411 1168 529 ·“111

140 622 240 703 pam
250 602 315 680 vel
327 598 546 702 Episcopum
553 598 633 681 stunt
640 594 852 680 remittendi
868 588 1032 698 prccptis'
1045 598 1173 703 mortis

140 721 328 801 articulo.
397 721 492 801 Cum
525 718 610 817 sepe
637 720 782 797 vinculo
820 715 1173 806 excomunicacionu
1270 740 1271 749 ¹
1384 709 1387 720 ”

139 832 297 911 1111ἰὲἶί
313 832 448 911 fiducia
468 831 582 909 finalis
602 831 812 930 penitencie
829 830 865 907 in
888 829 1061 915 extremis
1079 844 1172 914 tem-

138 964 247 1044 pore
263 933 423 1021 sanitat‘is
443 943 562 1039 claves
581 938 729 1019 ecclesie
743 938 895 1042 plurimi
912 937 1171 1036 vilipendant,

139 1054 345 1137 statuimus
377 1055 416 1133 dr
445 1034 675 1147 ordinamus,
711 1073 752 1136 ut
784 1058 872 1135 tales
898 1054 1167 1135 excomunicati

139 1157 252 1247 snam
279 1168 548 1248 absolucionem
575 1190 690 1270 usque
714 1177 760 1251 ad
782 1187 986 1251 extremum
1011 1170 1086 1247 vite
1113 1168 1170 1269 ip
1181 1237 1183 1241 ,

142 1285 281 1364 sorum
306 1281 518 1363 differentes
544 1286 591 1361 ad
614 1288 832 1370 beneficium
846 1268 1169 1399 reconciliacionis

141 1404 204 1483 in
217 1396 323 1477 leflo
351 1397 565 1527 egritudinis
592 1401 773 1481 constituti
803 1426 879 1479 non
915 1392 1013 1489 adm'
987 1412 1170 1495 uttantur,

142 1510 214 1589 nisr
240 1508 454 1589 canonicam
457 1508 701 1615 prestiterint
724 1514 937 1595 cautionem
959 1532 1033 1589 non
1056 1506 1168 1586 solnm

138 1620 395 1727 juratoriam,
426 1624 487 1703 sed
511 1623 626 1703 eciam
635 1628 719 1707 lide
740 1626 953 1741 jaffariam,
988 1623 1084 1741 qnia
1096 1620 1170 1701 stve
1302 1615 1307 1623 “

143 1742 362 1820 moriantur
378 1738 452 1818 five
472 1742 737 1838 convalescant,
760 1765 830 1843 per
845 1745 880 1823 se
895 1742 952 1818 vel
968 1732 1036 1835 per
1056 1732 1167 1857 alium

144 1875 216 1952 per
231 1852 317 1933 suos
339 1851 421 1931 satis
443 1851 583 1932 faciant
598 1856 643 1931 de
661 1854 868 1973 commiffis,
892 1851 951 1929 vel
959 1846 1253 1967 1111111111-1

131 1968 389 2071 ripemunt,
434 1965 558 2069 supro
588 1966 832 2079 contumacia
845 1961 1000 2049 fuerint
1017 1964 1164 2047 irretiti
1272 1956 1276 1965 ’

144 2080 243 2159 Item
264 2079 452 2159 statuimus
477 2080 514 2158 dc
537 2084 747 2163 ordinamus
764 2108 808 2163 ac
832 2084 870 2161 in
886 2083 1021 2160 virtute
1046 2072 1191 2155 sancies

148 2196 368 2276 obediencie
394 2196 526 2277 &sub
550 2200 906 2297 excomunicationie
933 2192 1166 2297 penaarcius

147 2314 394 2413 precipiendo
415 2317 651 2413 prandemus,
674 2332 723 2406 ut
739 2317 918 2397 nectores
936 2310 1165 2401 ecclesiarum

148 2425 301 2525 plebani
319 2425 404 2501 vel
392 2446 534 2542 rncurat
536 2430 562 2528 i,
586 2430 767 2532 questurus
788 2432 823 2505 e
810 2427 1061 2507 emosrnarum
1075 2441 1164 2515 qua-

149 2560 382 2635 rumcunque
411 2531 480 2637 pro
510 2544 652 2621 elcmos
655 2566 703 2620 na
728 2538 967 2643 colligenda
956 2560 994 2617 m
1016 2534 1084 2613 suis
1104 2552 1163 2607 ec-

112 2667 117 2680 ·
151 2652 266 2731 clefiis
281 2676 356 2755 11111
374 2656 596 2754 admittant
623 2658 689 2738 nist
707 2658 822 2738 tales
810 2684 849 2739 11
868 2652 1017 2733 honesto
1033 2652 1163 2725 decen-

150 2765 180 2839 ti
196 2768 232 2845 dr
247 2770 621 2868 convenientihabitu
642 2774 835 2872 incedant,
862 2771 897 2848 dr
925 2767 988 2869 qui
1003 2789 1076 2863 nun
1094 2762 1164 2841 sont
1266 2772 1271 2786 '

150 2880 382 2979 tabernarii,
407 2882 542 2962 lnlbres
561 2886 621 2963 seu
640 2888 823 2985 apostate,
845 2882 976 2961 falsum
995 2875 1163 2955 habitum
1229 2933 1235 2948 .

151 2994 564 3092 religionisdcferentes
577 2999 715 3095 ,alies
733 2998 831 3075 enim
850 2994 939 3074 tales
959 2993 1165 3071 nullatenus

151 3104 348 3183 admittere
361 3126 565 3201 teneantur,
588 3109 626 3187 cir
645 3110 684 3189 in
702 3134 839 3190 canone
857 3106 1087 3208 quoeosdem
1098 3100 1163 3179 ad·

151 3217 329 3297 mifferint
353 3220 440 3298 hnic
460 3220 621 3321 presenti
653 3224 773 3303 nostro
804 3226 935 3304 statuto
970 3235 1162 3299 111111111-

151 3328 286 3409 nicndo
302 3330 475 3430 quociens
493 3332 531 3410 id
545 3333 659 3414 fuerit
677 3333 818 3416 fanon
833 3338 928 3415 ultra
943 3330 1163 3413 sentenciam

152 3446 566 3546 excommunicacionis,
591 3472 700 3547 quam
719 3448 930 3546 incurrunt,
956 3444 1071 3527 cosin
1089 3463 1164 3523 unt
1291 3438 1294 3453 '

152 3556 245 3636 libra
267 3558 502 3664 denariorum
525 3578 672 3641 monete
689 3563 770 3641 Bar·
793 3562 1021 3643 decernimus
1047 3556 1163 3637 mulc-

152 3674 278 3751 tandos
298 3671 393 3757 fore.
443 3676 639 3760 Adicimus
661 3675 802 3774 eciam,
838 3674 962 3779 qttudfi
978 3671 1163 3777 hujusmo-

155 3779 392 3881 diquestores
417 3790 477 3868 vel
497 3788 536 3869 in
562 3788 669 3869 sacris
689 3792 876 3871 ordinibus
893 3788 1074 3871 constituti
1087 3812 1164 3869 non
1224 3794 1230 3809 ⁸
1315 3781 1318 3791 ’
1450 3758 1451 3769 Ν

154 3886 311 3997 fuerint,
332 3902 430 4002 quud
446 3923 490 3979 eo
516 3916 603 3981 tunc
618 3901 871 3985 fircerdotesdr
892 3901 1053 3993 lucurati
1072 3906 1162 3982 tales

157 4003 201 4078 ad
221 4016 413 4105 petendam
438 4014 670 4098 elemosmam
690 4017 755 4097 snb
781 4017 886 4119 penis
908 4017 1084 4121 prediilis
1113 4018 1162 4097 ad

160 4124 354 4209 cancellum
375 4124 523 4229 ecclesie
542 4123 599 4243 vel
624 4132 820 4211 ambonem
844 4132 1162 4239 propredicacio·
1186 4164 1190 4184 ¹

623 4254 626 4263 ’
721 4250 791 4331 Ac
818 4272 838 4347 3
1113 4271 1161 4329 tre
