3125 4934
632 406 768 510 *
1142 405 1196 484 xr

209 570 416 656 laudabiles
429 591 599 658 conatus
612 597 856 680 promouere
874 567 1087 674 haetenus,
1122 597 1200 658 co-

125 748 126 751 t
209 687 281 765 nati
301 683 457 793 sumus,
488 710 575 770 non
595 687 869 770 intermisrmus
895 683 1025 768 eidem
1050 685 1105 768 de
1122 682 1199 768 sta·

125 830 126 837 ¹
208 798 310 875 tione
332 795 462 898 aliqua
482 798 523 878 in
544 795 696 901 oppido
720 793 878 880 nostrae
896 795 1201 880 Archidioecesrs

124 940 125 1019 }
208 901 467 1010 Moguntinae
489 897 721 991 Boutheimb·
735 905 950 1014 providere
971 905 1012 990 dc
1029 907 1071 990 in
1089 908 1200 990 hunc
1318 987 1321 1001 ,

206 1011 318 1096 finem
343 1038 474 1098 aream
493 1016 584 1098 satis
605 1019 774 1122 amplam
793 1018 940 1100 ibidem
960 1018 1124 1100 anobiii
1139 1013 1203 1098 fa·

124 1186 125 1191 a
205 1127 300 1209 milia
325 1115 646 1234 Rodenssct'm‘anu
666 1125 773 1233 juste
798 1128 1120 1210 commutationis
1141 1125 1204 1208 sa-

205 1232 424 1316 abfauione
465 1237 692 1341 acquisitam
730 1233 881 1345 (prout
927 1234 1202 1320 confessarum
1347 1265 1353 1282 ·

124 1372 125 1375 ¹
202 1343 270 1424 bac
290 1345 411 1449 super
427 1347 527 1430 re&
542 1351 616 1431 rite
638 1349 873 1455 signatarum
889 1345 1090 1428 literarum
1111 1372 1202 1430 mo·

123 1534 124 1537 a
202 1474 389 1538 numenta
409 1457 564 1561 plenius
588 1459 786 1559 edocent)
808 1459 938 1543 eidem
959 1455 1065 1540 hisce
1082 1455 1203 1540 tradi·

202 1589 283 1645 mus
317 1589 368 1646 ac
389 1561 686 1674 consignamus,
730 1567 1005 1651 concedentes
1027 1569 1202 1651 clemen·
1302 1625 1308 1646 r

123 1704 124 1739 r
202 1675 330 1758 tissime
360 1694 411 1758 ut
435 1683 659 1786 expurgatis
686 1679 935 1785 conflagrata
965 1675 1204 1760 Rodenstei·

123 1800 124 1835 ¹
201 1789 318 1867 nianae
336 1785 479 1870 domus
495 1789 693 1874 cineribus
707 1794 748 1873 in
764 1787 1043 1873 eaEcclesram
1060 1789 1100 1872 dc
1114 1809 1209 1872 moa.
1373 1845 1376 1856 ,

201 1893 406 1980 nasterium
425 1897 474 1981 ad
486 1897 683 1984 summum
695 1926 771 2008 pro
790 1899 1006 1983 duodecim
1017 1896 1206 1982 fratribus
1349 1923 1352 1935 ¹

203 2008 400 2111 capucinis
435 2006 669 2109 aedificent,
721 2012 765 2094 in
798 2033 881 2114 quo
908 2008 1021 2114 juxta
1049 2011 1206 2092 literam

201 2114 310 2198 sacre
332 2120 478 2222 regula
500 2117 578 2200 suae
599 2123 784 2204 viventes
810 2119 909 2204 Deo
929 2119 970 2203 du
988 2121 1206 2202 animarum

201 2224 305 2308 saluti
330 2225 536 2312 ferventer
555 2227 807 2337 fideliterque
831 2228 1073 2323 deserviant,
1100 2229 1206 2310 insu·

201 2361 269 2441 per
296 2355 432 2420 tamen
445 2341 492 2421 -in
515 2339 623 2422 dicto
656 2365 826 2424 numero
850 2337 1097 2422 duodenario
1125 2336 1205 2422 fra·

201 2463 302 2528 uum
324 2448 473 2530 ibidem
492 2451 561 2532 vel
586 2451 830 2558 complendo
852 2451 920 2533 vel
945 2447 1206 2530 diminuendo

200 2557 437 2660 prudentem
468 2559 642 2643 habeant
669 2564 865 2644 rationem
889 2558 1100 2662 temporis,
1138 2583 1206 2641 an·

200 2691 314 2747 nonae
332 2665 375 2748 dc
389 2668 534 2749 civium
549 2673 819 2776 paupertatis,
859 2664 1015 2750 nostros
1038 2691 1206 2774 quoque

200 2777 401 2882 parochos
412 2780 707 2877 concionando,
739 2777 1048 2876 catechizando,
1077 2777 1206 2861 sacra·

201 2904 335 2968 menta
371 2889 611 2992 poenitentioe
640 2891 681 2974 &
714 2889 1007 2972 communionis
1041 2888 1213 2992 adminiq

201 2993 380 3093 strando,
408 2995 592 3108 'infirmos
607 2998 826 3098 visrtand0,
862 2999 1026 3103 aliisque
1040 2999 1212 3104 'pietatis

201 3109 337 3189 officiis
362 3107 472 3189 sacro
499 3108 627 3197 ordini
650 3109 724 3192 suo
743 3109 1070 3214 competenttbus
1085 3109 1127 3190 in
1146 3109 1208 3191 vi·

121 3244 122 3305 ι
202 3240 276 3302 nea
295 3216 464 3300 Domini
488 3218 676 3306 adiuvent
699 3217 1114 3326 &adsequisrtionem
1128 3241 1207 3302 no·

121 3342 122 3345 ‘
203 3323 316 3407 stram
331 3345 399 3408 aut
411 3325 532 3411 nostri
542 3331 676 3412 vicarii
684 3329 893 3413 Generalis
936 3329 1104 3410 aro‘ciriis
1117 3351 1227 3412 mo·.
1351 3323 1354 3334 ’

206 3437 257 3517 do
282 3437 340 3519 ob
364 3440 568 3541 penuriam
590 3439 842 3522 sacerdotum
862 3463 891 3520 v
916 3440 1097 3538 cantibus
1118 3439 1214 3520 suc-r

207 3562 386 3644 currant3
427 3547 477 3630 ad
502 3569 591 3654 quae
619 3551 695 3632 rite
721 3572 768 3636 ac
791 3548 933 3632 sedulo
953 3571 1030 3654 pro
1055 3550 1207 3631 viribus

206 3655 429 3761 peragenda
458 3660 578 3740 nobis
609 3657 879 3766 praefatorum
910 3658 1209 3763 Capucinorum

207 3766 422 3868 provincie
449 3767 652 3851 Rhenanae
681 3761 904 3874 superiores
934 3767 1096 3852 suortuu
1128 3765 1207 3850 fra·
1328 3765 1335 3783 '

208 3892 313 3956 trum
329 3874 517 3982 obsequia
527 3879 699 3978 libenter
710 3901 757 3960 ac
771 3893 959 3983 prompte
974 3878 1209 3961 obtulerunt

121 4056 122 4069 r
209 4007 256 4063 ac
273 3983 447 4068 offerunt
468 4003 550 4069 tam
574 4013 650 4095 pro
665 3987 845 4098 presenti
862 4009 980 4093 quam
997 3990 1113 4070 etiam
1130 4012 1207 4092 pro
1248 4066 1252 4082 ,

208 4091 352 4178 futuris
376 4098 638 4206 temporibus.
709 4099 758 4184 ln
778 4098 964 4183 omnibus
990 4117 1124 4184 tamen
1146 4099 1210 4180 his

121 4244 122 4257 Ν
1138 4232 1209 4291 ex-
