<?xml version="1.0" encoding="UTF-8"?>
<!DOCTYPE html PUBLIC "-//W3C//DTD XHTML 1.0 Transitional//EN"
    "http://www.w3.org/TR/xhtml1/DTD/xhtml1-transitional.dtd">
<html xmlns="http://www.w3.org/1999/xhtml" xml:lang="en" lang="en">
 <head>
  <title>
</title>
<meta http-equiv="Content-Type" content="text/html;charset=utf-8" />
  <meta name='ocr-system' content='tesseract 3.04.00' />
  <meta name='ocr-capabilities' content='ocr_page ocr_carea ocr_par ocr_line ocrx_word'/>
</head>
<body>
  <div class='ocr_page' id='page_1' title='image "./novasubsidiadip01wrgoog/novasubsidiadip01wrgoog_0470.png"; bbox 0 0 3125 4934; ppageno 0'>
   <div class='ocr_carea' id='block_1_1' title="bbox 322 310 1396 1053">
    <p class='ocr_par' dir='ltr' id='par_1_1' title="bbox 530 310 788 359">
     <span class='ocr_line' id='line_1_1' title="bbox 530 310 788 359; baseline -0.019 -17"><span class='ocrx_word' id='word_1_1' title='bbox 530 310 540 359; x_wconf 72' lang='lat' dir='ltr'>p</span> <span class='ocrx_word' id='word_1_2' title='bbox 785 332 788 337; x_wconf 32' lang='lat' dir='ltr'>r</span> 
     </span>
    </p>

    <p class='ocr_par' dir='ltr' id='par_1_2' title="bbox 379 424 1391 711">
     <span class='ocr_line' id='line_1_2' title="bbox 379 424 969 549; baseline -0.01 -19"><span class='ocrx_word' id='word_1_3' title='bbox 379 466 452 549; x_wconf 74' lang='lat'>370</span> <span class='ocrx_word' id='word_1_4' title='bbox 700 424 707 433; x_wconf 69' lang='grc'><strong>’</strong></span> <span class='ocrx_word' id='word_1_5' title='bbox 800 440 969 527; x_wconf 61' lang='lat'>02²0</span> 
     </span>
     <span class='ocr_line' id='line_1_3' title="bbox 382 608 1391 711; baseline -0.017 -6"><span class='ocrx_word' id='word_1_6' title='bbox 382 618 598 704; x_wconf 73' lang='lat' dir='ltr'>&amp;ecclesias</span> <span class='ocrx_word' id='word_1_7' title='bbox 620 616 853 701; x_wconf 77' lang='lat' dir='ltr'>ecclesiastico</span> <span class='ocrx_word' id='word_1_8' title='bbox 871 612 944 699; x_wconf 81' lang='lat' dir='ltr'>hoc</span> <span class='ocrx_word' id='word_1_9' title='bbox 964 608 1084 697; x_wconf 81' lang='lat' dir='ltr'>nostro</span> <span class='ocrx_word' id='word_1_10' title='bbox 1105 610 1391 711; x_wconf 83' lang='lat' dir='ltr'>statutosuppo-</span> 
     </span>
    </p>

    <p class='ocr_par' dir='ltr' id='par_1_3' title="bbox 322 716 1458 1053">
     <span class='ocr_line' id='line_1_4' title="bbox 322 716 1395 841; baseline -0.019 -19"><span class='ocrx_word' id='word_1_11' title='bbox 322 797 345 841; x_wconf 75' lang='grc'><em>,</em></span> <span class='ocrx_word' id='word_1_12' title='bbox 383 740 501 820; x_wconf 86' lang='lat' dir='ltr'>nimus</span> <span class='ocrx_word' id='word_1_13' title='bbox 536 738 731 814; x_wconf 76' lang='lat' dir='ltr'>interdisio</span> <span class='ocrx_word' id='word_1_14' title='bbox 764 736 924 829; x_wconf 85' lang='lat' dir='ltr'>tamdiu,</span> <span class='ocrx_word' id='word_1_15' title='bbox 962 728 1143 829; x_wconf 82' lang='lat' dir='ltr'>quousque</span> <span class='ocrx_word' id='word_1_16' title='bbox 1165 716 1313 801; x_wconf 75' lang='lat' dir='ltr'>ecclesie</span> <span class='ocrx_word' id='word_1_17' title='bbox 1337 742 1395 802; x_wconf 88' lang='lat' dir='ltr'>ra·</span> 
     </span>
     <span class='ocr_line' id='line_1_5' title="bbox 369 836 1395 935; baseline -0.017 -6"><span class='ocrx_word' id='word_1_18' title='bbox 369 848 467 928; x_wconf 82' lang='lat' dir='ltr'>liter</span> <span class='ocrx_word' id='word_1_19' title='bbox 485 854 545 927; x_wconf 84' lang='lat' dir='ltr'>lex</span> <span class='ocrx_word' id='word_1_20' title='bbox 562 852 642 925; x_wconf 85' lang='lat' dir='ltr'>saris</span> <span class='ocrx_word' id='word_1_21' title='bbox 659 850 721 924; x_wconf 82' lang='lat' dir='ltr'>liat</span> <span class='ocrx_word' id='word_1_22' title='bbox 741 848 967 924; x_wconf 83' lang='lat' dir='ltr'>sufficienter.</span> <span class='ocrx_word' id='word_1_23' title='bbox 1018 838 1210 915; x_wconf 88' lang='lat' dir='ltr'>Statuimus</span> <span class='ocrx_word' id='word_1_24' title='bbox 1231 836 1395 935; x_wconf 87' lang='lat' dir='ltr'>iusuper,</span> 
     </span>
     <span class='ocr_line' id='line_1_6' title="bbox 383 947 1396 1053; baseline -0.019 -12"><span class='ocrx_word' id='word_1_25' title='bbox 383 966 464 1041; x_wconf 73' lang='lat' dir='ltr'>dein</span> <span class='ocrx_word' id='word_1_26' title='bbox 480 964 616 1041; x_wconf 84' lang='lat' dir='ltr'>uirmte</span> <span class='ocrx_word' id='word_1_27' title='bbox 630 961 748 1053; x_wconf 78' lang='lat' dir='ltr'>l‘aodle</span> <span class='ocrx_word' id='word_1_28' title='bbox 757 947 966 1037; x_wconf 86' lang='lat' dir='ltr'>obediencie</span> <span class='ocrx_word' id='word_1_29' title='bbox 987 954 1221 1053; x_wconf 80' lang='lat' dir='ltr'>precipimus,</span> <span class='ocrx_word' id='word_1_30' title='bbox 1241 950 1396 1025; x_wconf 72' lang='lat' dir='ltr'>daman-</span> 
     </span>
    </p>
   </div>
   <div class='ocr_carea' id='block_1_2' title="bbox 273 1066 1460 4323">
    <p class='ocr_par' dir='ltr' id='par_1_4' title="bbox 374 1066 1459 1848">
     <span class='ocr_line' id='line_1_7' title="bbox 386 1066 1399 1163; baseline -0.024 0"><span class='ocrx_word' id='word_1_31' title='bbox 386 1090 510 1163; x_wconf 88' lang='lat' dir='ltr'>damus</span> <span class='ocrx_word' id='word_1_32' title='bbox 527 1073 700 1157; x_wconf 74' lang='lat' dir='ltr'>universe</span> <span class='ocrx_word' id='word_1_33' title='bbox 717 1075 962 1153; x_wconf 85' lang='lat' dir='ltr'>sacerdotibus</span> <span class='ocrx_word' id='word_1_34' title='bbox 978 1072 1098 1148; x_wconf 87' lang='lat' dir='ltr'>nostre</span> <span class='ocrx_word' id='word_1_35' title='bbox 1117 1066 1275 1145; x_wconf 84' lang='lat' dir='ltr'>Diocefis</span> <span class='ocrx_word' id='word_1_36' title='bbox 1295 1089 1342 1142; x_wconf 90' lang='lat' dir='ltr'>ne</span> <span class='ocrx_word' id='word_1_37' title='bbox 1359 1066 1399 1140; x_wconf 89' lang='lat' dir='ltr'>in</span> 
     </span>
     <span class='ocr_line' id='line_1_8' title="bbox 384 1182 1400 1286; baseline -0.026 -9"><span class='ocrx_word' id='word_1_38' title='bbox 384 1197 454 1278; x_wconf 83' lang='lat' dir='ltr'>suis</span> <span class='ocrx_word' id='word_1_39' title='bbox 471 1192 639 1271; x_wconf 72' lang='lat' dir='ltr'>ecclesis</span> <span class='ocrx_word' id='word_1_40' title='bbox 666 1190 897 1268; x_wconf 87' lang='lat' dir='ltr'>matrimonia</span> <span class='ocrx_word' id='word_1_41' title='bbox 929 1186 1162 1286; x_wconf 87' lang='lat' dir='ltr'>personarum</span> <span class='ocrx_word' id='word_1_42' title='bbox 1194 1182 1400 1257; x_wconf 84' lang='lat' dir='ltr'>alienarum</span> 
     </span>
     <span class='ocr_line' id='line_1_9' title="bbox 387 1289 1401 1405; baseline -0.019 -22"><span class='ocrx_word' id='word_1_43' title='bbox 387 1305 661 1405; x_wconf 79' lang='lat' dir='ltr'>quomodolibet</span> <span class='ocrx_word' id='word_1_44' title='bbox 679 1303 717 1377; x_wconf 90' lang='lat' dir='ltr'>in</span> <span class='ocrx_word' id='word_1_45' title='bbox 736 1298 829 1375; x_wconf 85' lang='lat' dir='ltr'>facie</span> <span class='ocrx_word' id='word_1_46' title='bbox 859 1292 1005 1373; x_wconf 81' lang='lat' dir='ltr'>ecclefie</span> <span class='ocrx_word' id='word_1_47' title='bbox 1028 1291 1255 1374; x_wconf 84' lang='lat' dir='ltr'>solennisare&#39;</span> <span class='ocrx_word' id='word_1_48' title='bbox 1271 1289 1401 1389; x_wconf 88' lang='lat' dir='ltr'>presu-</span> 
     </span>
     <span class='ocr_line' id='line_1_10' title="bbox 386 1402 1401 1510; baseline -0.021 -13"><span class='ocrx_word' id='word_1_49' title='bbox 386 1432 509 1510; x_wconf 78' lang='lat' dir='ltr'>munt,</span> <span class='ocrx_word' id='word_1_50' title='bbox 539 1413 607 1492; x_wconf 87' lang='lat' dir='ltr'>nisr</span> <span class='ocrx_word' id='word_1_51' title='bbox 627 1410 781 1510; x_wconf 86' lang='lat' dir='ltr'>persone</span> <span class='ocrx_word' id='word_1_52' title='bbox 804 1406 921 1498; x_wconf 81' lang='lat' dir='ltr'>aliene</span> <span class='ocrx_word' id='word_1_53' title='bbox 943 1408 1153 1487; x_wconf 87' lang='lat' dir='ltr'>sufficientes</span> <span class='ocrx_word' id='word_1_54' title='bbox 1176 1402 1401 1483; x_wconf 81' lang='lat' dir='ltr'>testimonia·</span> 
     </span>
     <span class='ocr_line' id='line_1_11' title="bbox 387 1515 1403 1621; baseline -0.018 -14"><span class='ocrx_word' id='word_1_55' title='bbox 387 1532 440 1608; x_wconf 89' lang='lat' dir='ltr'>les</span> <span class='ocrx_word' id='word_1_56' title='bbox 455 1551 478 1605; x_wconf 79' lang='lat' dir='ltr'>a</span> <span class='ocrx_word' id='word_1_57' title='bbox 491 1526 561 1605; x_wconf 80' lang='lat' dir='ltr'>fids</span> <span class='ocrx_word' id='word_1_58' title='bbox 583 1522 780 1616; x_wconf 77' lang='lat' dir='ltr'>incusatis,</span> <span class='ocrx_word' id='word_1_59' title='bbox 805 1522 869 1602; x_wconf 91' lang='lat' dir='ltr'>sub</span> <span class='ocrx_word' id='word_1_60' title='bbox 893 1542 1047 1621; x_wconf 88' lang='lat' dir='ltr'>quorum</span> <span class='ocrx_word' id='word_1_61' title='bbox 1067 1515 1238 1620; x_wconf 85' lang='lat' dir='ltr'>parochia</span> <span class='ocrx_word' id='word_1_62' title='bbox 1255 1528 1403 1593; x_wconf 82' lang='lat' dir='ltr'>moram</span> 
     </span>
     <span class='ocr_line' id='line_1_12' title="bbox 388 1618 1459 1737; baseline -0.014 -18"><span class='ocrx_word' id='word_1_63' title='bbox 388 1632 612 1737; x_wconf 83' lang='lat' dir='ltr'>traxerunt,</span> <span class='ocrx_word' id='word_1_64' title='bbox 639 1637 808 1715; x_wconf 87' lang='lat' dir='ltr'>deserant</span> <span class='ocrx_word' id='word_1_65' title='bbox 821 1637 1039 1730; x_wconf 87' lang='lat' dir='ltr'>literatorie,</span> <span class='ocrx_word' id='word_1_66' title='bbox 1064 1630 1176 1723; x_wconf 74' lang='lat' dir='ltr'>desub</span> <span class='ocrx_word' id='word_1_67' title='bbox 1200 1631 1318 1734; x_wconf 84' lang='lat' dir='ltr'>figillo</span> <span class='ocrx_word' id='word_1_68' title='bbox 1332 1629 1404 1704; x_wconf 87' lang='lat' dir='ltr'>hu·</span> <span class='ocrx_word' id='word_1_69' title='bbox 1458 1618 1459 1679; x_wconf 62' lang='lat' dir='ltr'>i</span> 
     </span>
     <span class='ocr_line' id='line_1_13' title="bbox 374 1739 1406 1848; baseline -0.014 -21"><span class='ocrx_word' id='word_1_70' title='bbox 374 1741 544 1848; x_wconf 75' lang='lat' dir='ltr'>0jusruodi</span> <span class='ocrx_word' id='word_1_71' title='bbox 559 1745 746 1839; x_wconf 81' lang='lat' dir='ltr'>Incumti,</span> <span class='ocrx_word' id='word_1_72' title='bbox 769 1746 830 1826; x_wconf 89' lang='lat' dir='ltr'>seu</span> <span class='ocrx_word' id='word_1_73' title='bbox 845 1746 915 1823; x_wconf 89' lang='lat' dir='ltr'>alio</span> <span class='ocrx_word' id='word_1_74' title='bbox 939 1762 1042 1845; x_wconf 88' lang='lat' dir='ltr'>noto,</span> <span class='ocrx_word' id='word_1_75' title='bbox 1064 1745 1100 1821; x_wconf 93' lang='lat' dir='ltr'>se</span> <span class='ocrx_word' id='word_1_76' title='bbox 1115 1739 1201 1820; x_wconf 88' lang='lat' dir='ltr'>alibi</span> <span class='ocrx_word' id='word_1_77' title='bbox 1220 1764 1301 1818; x_wconf 88' lang='lat' dir='ltr'>non·</span> <span class='ocrx_word' id='word_1_78' title='bbox 1315 1762 1406 1814; x_wconf 91' lang='lat' dir='ltr'>con-</span> 
     </span>
    </p>

    <p class='ocr_par' dir='ltr' id='par_1_5' title="bbox 273 1851 1410 2643">
     <span class='ocr_line' id='line_1_14' title="bbox 273 1851 1406 1955; baseline -0.012 -16"><span class='ocrx_word' id='word_1_79' title='bbox 273 1869 277 1877; x_wconf 86' lang='lat'><em>&#39;</em></span> <span class='ocrx_word' id='word_1_80' title='bbox 388 1858 557 1955; x_wconf 69' lang='lat' dir='ltr'>traxisse,</span> <span class='ocrx_word' id='word_1_81' title='bbox 582 1858 717 1935; x_wconf 77' lang='lat' dir='ltr'>dalius</span> <span class='ocrx_word' id='word_1_82' title='bbox 736 1858 917 1937; x_wconf 89' lang='lat' dir='ltr'>bonorum</span> <span class='ocrx_word' id='word_1_83' title='bbox 938 1856 1088 1935; x_wconf 77' lang='lat' dir='ltr'>same&amp;</span> <span class='ocrx_word' id='word_1_84' title='bbox 1114 1853 1294 1954; x_wconf 79' lang='lat' dir='ltr'>opinionis</span> <span class='ocrx_word' id='word_1_85' title='bbox 1324 1851 1406 1927; x_wconf 84' lang='lat' dir='ltr'>exi-</span> 
     </span>
     <span class='ocr_line' id='line_1_15' title="bbox 389 1966 1408 2071; baseline -0.005 -18"><span class='ocrx_word' id='word_1_86' title='bbox 389 1975 497 2071; x_wconf 82' lang='lat' dir='ltr'>stere,</span> <span class='ocrx_word' id='word_1_87' title='bbox 521 1970 624 2069; x_wconf 78' lang='lat' dir='ltr'>fiqui</span> <span class='ocrx_word' id='word_1_88' title='bbox 638 1990 730 2047; x_wconf 84' lang='lat' dir='ltr'>vero</span> <span class='ocrx_word' id='word_1_89' title='bbox 750 1974 970 2049; x_wconf 84' lang='lat' dir='ltr'>contrarium</span> <span class='ocrx_word' id='word_1_90' title='bbox 989 1966 1159 2065; x_wconf 81' lang='lat' dir='ltr'>fecerint,</span> <span class='ocrx_word' id='word_1_91' title='bbox 1185 1973 1314 2069; x_wconf 90' lang='lat' dir='ltr'>procul</span> <span class='ocrx_word' id='word_1_92' title='bbox 1338 1974 1408 2049; x_wconf 91' lang='lat' dir='ltr'>du-</span> 
     </span>
     <span class='ocr_line' id='line_1_16' title="bbox 389 2080 1410 2181; baseline -0.002 -17"><span class='ocrx_word' id='word_1_93' title='bbox 389 2084 456 2164; x_wconf 93' lang='lat' dir='ltr'>bio</span> <span class='ocrx_word' id='word_1_94' title='bbox 495 2085 640 2159; x_wconf 85' lang='lat' dir='ltr'>eosdem</span> <span class='ocrx_word' id='word_1_95' title='bbox 673 2080 782 2181; x_wconf 84' lang='lat' dir='ltr'>digna</span> <span class='ocrx_word' id='word_1_96' title='bbox 815 2084 1051 2181; x_wconf 80' lang='lat' dir='ltr'>castigacione</span> <span class='ocrx_word' id='word_1_97' title='bbox 1096 2084 1291 2160; x_wconf 88' lang='lat' dir='ltr'>emendare</span> <span class='ocrx_word' id='word_1_98' title='bbox 1330 2101 1410 2162; x_wconf 87' lang='lat' dir='ltr'>non</span> 
     </span>
     <span class='ocr_line' id='line_1_17' title="bbox 392 2194 1409 2276; baseline -0.002 0"><span class='ocrx_word' id='word_1_99' title='bbox 392 2196 613 2276; x_wconf 81' lang='lat' dir='ltr'>omittemus·</span> <span class='ocrx_word' id='word_1_100' title='bbox 663 2195 739 2270; x_wconf 90' lang='lat' dir='ltr'>Nos</span> <span class='ocrx_word' id='word_1_101' title='bbox 763 2194 825 2271; x_wconf 89' lang='lat' dir='ltr'>SS.</span> <span class='ocrx_word' id='word_1_102' title='bbox 849 2197 994 2273; x_wconf 83' lang='lat' dir='ltr'>Parrum</span> <span class='ocrx_word' id='word_1_103' title='bbox 1023 2195 1160 2273; x_wconf 82' lang='lat' dir='ltr'>statutis</span> <span class='ocrx_word' id='word_1_104' title='bbox 1194 2195 1409 2274; x_wconf 85' lang='lat' dir='ltr'>inherentes</span> 
     </span>
     <span class='ocr_line' id='line_1_18' title="bbox 389 2305 1410 2413; baseline -0.003 -25"><span class='ocrx_word' id='word_1_105' title='bbox 389 2305 565 2388; x_wconf 75' lang='lat' dir='ltr'>uniuersis</span> <span class='ocrx_word' id='word_1_106' title='bbox 595 2306 839 2386; x_wconf 84' lang='lat' dir='ltr'>sacerdotibus</span> <span class='ocrx_word' id='word_1_107' title='bbox 864 2327 938 2387; x_wconf 86' lang='lat' dir='ltr'>ram</span> <span class='ocrx_word' id='word_1_108' title='bbox 955 2306 1132 2407; x_wconf 68' lang='lat' dir='ltr'>civitatis,</span> <span class='ocrx_word' id='word_1_109' title='bbox 1168 2328 1277 2405; x_wconf 88' lang='lat' dir='ltr'>quam</span> <span class='ocrx_word' id='word_1_110' title='bbox 1306 2310 1410 2413; x_wconf 87' lang='lat' dir='ltr'>Dyo-</span> 
     </span>
     <span class='ocr_line' id='line_1_19' title="bbox 393 2417 1410 2525; baseline -0.001 -23"><span class='ocrx_word' id='word_1_111' title='bbox 393 2421 481 2502; x_wconf 79' lang='lat' dir='ltr'>cesus</span> <span class='ocrx_word' id='word_1_112' title='bbox 497 2417 618 2499; x_wconf 85' lang='lat' dir='ltr'>nostre</span> <span class='ocrx_word' id='word_1_113' title='bbox 633 2423 711 2499; x_wconf 89' lang='lat' dir='ltr'>Bas.</span> <span class='ocrx_word' id='word_1_114' title='bbox 725 2422 867 2501; x_wconf 87' lang='lat' dir='ltr'>subdito</span> <span class='ocrx_word' id='word_1_115' title='bbox 878 2422 1074 2525; x_wconf 84' lang='lat' dir='ltr'>juramenti</span> <span class='ocrx_word' id='word_1_116' title='bbox 1093 2423 1197 2503; x_wconf 90' lang='lat' dir='ltr'>nobis</span> <span class='ocrx_word' id='word_1_117' title='bbox 1211 2424 1355 2521; x_wconf 86' lang='lat' dir='ltr'>prestiti</span> <span class='ocrx_word' id='word_1_118' title='bbox 1372 2424 1410 2501; x_wconf 76' lang='lat' dir='ltr'>sl</span> 
     </span>
     <span class='ocr_line' id='line_1_20' title="bbox 394 2529 1409 2643; baseline -0.009 -25"><span class='ocrx_word' id='word_1_119' title='bbox 394 2538 459 2618; x_wconf 92' lang='lat' dir='ltr'>sub</span> <span class='ocrx_word' id='word_1_120' title='bbox 481 2534 781 2614; x_wconf 82' lang='lat' dir='ltr'>interminacione</span> <span class='ocrx_word' id='word_1_121' title='bbox 803 2529 915 2618; x_wconf 87' lang='lat' dir='ltr'>divini</span> <span class='ocrx_word' id='word_1_122' title='bbox 938 2538 1064 2643; x_wconf 91' lang='lat' dir='ltr'>judicii</span> <span class='ocrx_word' id='word_1_123' title='bbox 1091 2538 1246 2615; x_wconf 85' lang='lat' dir='ltr'>firmiter</span> <span class='ocrx_word' id='word_1_124' title='bbox 1263 2534 1409 2614; x_wconf 86' lang='lat' dir='ltr'>inhibe-</span> 
     </span>
    </p>

    <p class='ocr_par' dir='ltr' id='par_1_6' title="bbox 355 2648 1460 3887">
     <span class='ocr_line' id='line_1_21' title="bbox 355 2648 1460 2753; baseline -0.008 -18"><span class='ocrx_word' id='word_1_125' title='bbox 355 2671 358 2688; x_wconf 90' lang='lat'>&#39;</span> <span class='ocrx_word' id='word_1_126' title='bbox 395 2662 491 2742; x_wconf 84' lang='lat' dir='ltr'>mus,</span> <span class='ocrx_word' id='word_1_127' title='bbox 512 2650 764 2749; x_wconf 83' lang='lat' dir='ltr'>nequisquam</span> <span class='ocrx_word' id='word_1_128' title='bbox 785 2654 940 2733; x_wconf 86' lang='lat' dir='ltr'>alienum</span> <span class='ocrx_word' id='word_1_129' title='bbox 970 2654 1229 2753; x_wconf 85' lang='lat' dir='ltr'>parochianum</span> <span class='ocrx_word' id='word_1_130' title='bbox 1247 2648 1313 2729; x_wconf 83' lang='lat' dir='ltr'>fibi</span> <span class='ocrx_word' id='word_1_131' title='bbox 1333 2668 1409 2728; x_wconf 90' lang='lat' dir='ltr'>non</span> <span class='ocrx_word' id='word_1_132' title='bbox 1459 2742 1460 2751; x_wconf 10' lang='grc' dir='ltr'>ι</span> 
     </span>
     <span class='ocr_line' id='line_1_22' title="bbox 398 2760 1411 2871; baseline -0.007 -26"><span class='ocrx_word' id='word_1_133' title='bbox 398 2760 598 2866; x_wconf 73' lang='lat' dir='ltr'>subjeslum</span> <span class='ocrx_word' id='word_1_134' title='bbox 624 2764 809 2860; x_wconf 83' lang='lat' dir='ltr'>presumat</span> <span class='ocrx_word' id='word_1_135' title='bbox 836 2784 988 2867; x_wconf 84' lang='lat' dir='ltr'>excepta</span> <span class='ocrx_word' id='word_1_136' title='bbox 1007 2765 1219 2871; x_wconf 81' lang='lat' dir='ltr'>necessitatis</span> <span class='ocrx_word' id='word_1_137' title='bbox 1241 2768 1344 2844; x_wconf 82' lang='lat' dir='ltr'>causa</span> <span class='ocrx_word' id='word_1_138' title='bbox 1363 2766 1411 2839; x_wconf 83' lang='lat' dir='ltr'>ad</span> 
     </span>
     <span class='ocr_line' id='line_1_23' title="bbox 397 2874 1460 2979; baseline 0.004 -22"><span class='ocrx_word' id='word_1_139' title='bbox 397 2874 659 2957; x_wconf 88' lang='lat' dir='ltr'>consessionem</span> <span class='ocrx_word' id='word_1_140' title='bbox 684 2874 876 2976; x_wconf 86' lang='lat' dir='ltr'>recipere,</span> <span class='ocrx_word' id='word_1_141' title='bbox 898 2879 956 2955; x_wconf 88' lang='lat' dir='ltr'>vel</span> <span class='ocrx_word' id='word_1_142' title='bbox 973 2878 1007 2955; x_wconf 92' lang='lat' dir='ltr'>ei</span> <span class='ocrx_word' id='word_1_143' title='bbox 1029 2880 1268 2979; x_wconf 86' lang='lat' dir='ltr'>quodcunque</span> <span class='ocrx_word' id='word_1_144' title='bbox 1287 2882 1408 2955; x_wconf 85' lang='lat' dir='ltr'>eccle·¹</span> <span class='ocrx_word' id='word_1_145' title='bbox 1459 2882 1460 2961; x_wconf 76' lang='lat'><em>3</em></span> 
     </span>
     <span class='ocr_line' id='line_1_24' title="bbox 397 2986 1411 3089; baseline -0.004 -19"><span class='ocrx_word' id='word_1_146' title='bbox 397 2989 574 3071; x_wconf 80' lang='lat' dir='ltr'>srasticum</span> <span class='ocrx_word' id='word_1_147' title='bbox 590 2989 874 3085; x_wconf 84' lang='lat' dir='ltr'>sacramentum,</span> <span class='ocrx_word' id='word_1_148' title='bbox 899 2986 964 3070; x_wconf 86' lang='lat' dir='ltr'>nisr</span> <span class='ocrx_word' id='word_1_149' title='bbox 984 2994 1095 3089; x_wconf 82' lang='lat' dir='ltr'>petita</span> <span class='ocrx_word' id='word_1_150' title='bbox 1118 2990 1270 3088; x_wconf 85' lang='lat' dir='ltr'>desuper</span> <span class='ocrx_word' id='word_1_151' title='bbox 1287 2989 1322 3065; x_wconf 79' lang='lat' dir='ltr'>d</span> <span class='ocrx_word' id='word_1_152' title='bbox 1340 2993 1411 3067; x_wconf 91' lang='lat' dir='ltr'>ob-</span> 
     </span>
     <span class='ocr_line' id='line_1_25' title="bbox 394 3099 1412 3207; baseline 0.002 -26"><span class='ocrx_word' id='word_1_153' title='bbox 394 3118 495 3181; x_wconf 80' lang='lat' dir='ltr'>tenta</span> <span class='ocrx_word' id='word_1_154' title='bbox 529 3099 679 3203; x_wconf 87' lang='lat' dir='ltr'>proprii</span> <span class='ocrx_word' id='word_1_155' title='bbox 699 3102 890 3182; x_wconf 72' lang='lat' dir='ltr'>sucerdotis</span> <span class='ocrx_word' id='word_1_156' title='bbox 915 3106 1067 3185; x_wconf 77' lang='lat' dir='ltr'>licencia</span> <span class='ocrx_word' id='word_1_157' title='bbox 1095 3102 1309 3205; x_wconf 68' lang='lat' dir='ltr'>expressa&amp;</span> <span class='ocrx_word' id='word_1_158' title='bbox 1331 3106 1412 3207; x_wconf 86' lang='lat' dir='ltr'>spe-</span> 
     </span>
     <span class='ocr_line' id='line_1_26' title="bbox 399 3215 1412 3297; baseline 0.002 -4"><span class='ocrx_word' id='word_1_159' title='bbox 399 3216 482 3293; x_wconf 89' lang='lat' dir='ltr'>ciali</span> <span class='ocrx_word' id='word_1_160' title='bbox 506 3215 721 3293; x_wconf 88' lang='lat' dir='ltr'>ministrare.</span> <span class='ocrx_word' id='word_1_161' title='bbox 760 3240 843 3295; x_wconf 91' lang='lat' dir='ltr'>cum</span> <span class='ocrx_word' id='word_1_162' title='bbox 871 3235 1012 3297; x_wconf 89' lang='lat' dir='ltr'>certum</span> <span class='ocrx_word' id='word_1_163' title='bbox 1038 3216 1080 3295; x_wconf 90' lang='lat' dir='ltr'>lit</span> <span class='ocrx_word' id='word_1_164' title='bbox 1107 3218 1412 3297; x_wconf 74' lang='lat' dir='ltr'>&amp;indubitatum</span> 
     </span>
     <span class='ocr_line' id='line_1_27' title="bbox 399 3328 1411 3437; baseline 0.002 -27"><span class='ocrx_word' id='word_1_165' title='bbox 399 3330 603 3431; x_wconf 84' lang='lat' dir='ltr'>hujusmodi</span> <span class='ocrx_word' id='word_1_166' title='bbox 621 3328 881 3425; x_wconf 85' lang='lat' dir='ltr'>parochianum</span> <span class='ocrx_word' id='word_1_167' title='bbox 899 3356 966 3431; x_wconf 89' lang='lat' dir='ltr'>per</span> <span class='ocrx_word' id='word_1_168' title='bbox 985 3334 1093 3437; x_wconf 84' lang='lat' dir='ltr'>talem</span> <span class='ocrx_word' id='word_1_169' title='bbox 1108 3334 1328 3411; x_wconf 76' lang='lat' dir='ltr'>sacerdotem</span> <span class='ocrx_word' id='word_1_170' title='bbox 1346 3340 1411 3413; x_wconf 86' lang='lat' dir='ltr'>ab·</span> 
     </span>
     <span class='ocr_line' id='line_1_28' title="bbox 396 3436 1411 3541; baseline 0.003 -21"><span class='ocrx_word' id='word_1_171' title='bbox 396 3442 483 3520; x_wconf 91' lang='lat' dir='ltr'>solvi</span> <span class='ocrx_word' id='word_1_172' title='bbox 504 3441 562 3516; x_wconf 90' lang='lat' dir='ltr'>vel</span> <span class='ocrx_word' id='word_1_173' title='bbox 577 3439 686 3538; x_wconf 87' lang='lat' dir='ltr'>ligari</span> <span class='ocrx_word' id='word_1_174' title='bbox 712 3442 864 3520; x_wconf 87' lang='lat' dir='ltr'>minime</span> <span class='ocrx_word' id='word_1_175' title='bbox 880 3440 989 3541; x_wconf 82' lang='lat' dir='ltr'>posse.</span> <span class='ocrx_word' id='word_1_176' title='bbox 1042 3446 1133 3523; x_wconf 88' lang='lat' dir='ltr'>Item</span> <span class='ocrx_word' id='word_1_177' title='bbox 1146 3436 1340 3523; x_wconf 80' lang='lat' dir='ltr'>&#39;statuimus</span> <span class='ocrx_word' id='word_1_178' title='bbox 1366 3470 1411 3523; x_wconf 84' lang='lat' dir='ltr'>uc</span> 
     </span>
     <span class='ocr_line' id='line_1_29' title="bbox 398 3553 1408 3658; baseline 0.003 -25"><span class='ocrx_word' id='word_1_179' title='bbox 398 3555 553 3633; x_wconf 82' lang='lat' dir='ltr'>firmiter</span> <span class='ocrx_word' id='word_1_180' title='bbox 571 3553 606 3627; x_wconf 72' lang='lat' dir='ltr'>dc</span> <span class='ocrx_word' id='word_1_181' title='bbox 627 3555 786 3633; x_wconf 76' lang='lat' dir='ltr'>distridle</span> <span class='ocrx_word' id='word_1_182' title='bbox 806 3556 1050 3658; x_wconf 67' lang='lat' dir='ltr'>precipimus,</span> <span class='ocrx_word' id='word_1_183' title='bbox 1078 3576 1118 3637; x_wconf 94' lang='lat' dir='ltr'>ut</span> <span class='ocrx_word' id='word_1_184' title='bbox 1142 3558 1180 3636; x_wconf 91' lang='lat' dir='ltr'>in</span> <span class='ocrx_word' id='word_1_185' title='bbox 1196 3557 1335 3639; x_wconf 75' lang='lat' dir='ltr'>cunsiis</span> <span class='ocrx_word' id='word_1_186' title='bbox 1353 3582 1408 3636; x_wconf 87' lang='lat' dir='ltr'>ec-</span> 
     </span>
     <span class='ocr_line' id='line_1_30' title="bbox 398 3670 1409 3775; baseline 0.001 -26"><span class='ocrx_word' id='word_1_187' title='bbox 398 3670 509 3750; x_wconf 84' lang='lat' dir='ltr'>clefiis</span> <span class='ocrx_word' id='word_1_188' title='bbox 534 3670 653 3747; x_wconf 85' lang='lat' dir='ltr'>nostre</span> <span class='ocrx_word' id='word_1_189' title='bbox 670 3672 815 3751; x_wconf 82' lang='lat' dir='ltr'>Dioces</span> <span class='ocrx_word' id='word_1_190' title='bbox 840 3675 1063 3775; x_wconf 73' lang='lat' dir='ltr'>Baptismus,</span> <span class='ocrx_word' id='word_1_191' title='bbox 1091 3676 1242 3769; x_wconf 80' lang='lat' dir='ltr'>crisma,</span> <span class='ocrx_word' id='word_1_192' title='bbox 1274 3678 1409 3764; x_wconf 86' lang='lat' dir='ltr'>oleum,</span> 
     </span>
     <span class='ocr_line' id='line_1_31' title="bbox 397 3783 1410 3887; baseline -0.001 -25"><span class='ocrx_word' id='word_1_193' title='bbox 397 3783 640 3880; x_wconf 84' lang='lat' dir='ltr'>Euclarislia,</span> <span class='ocrx_word' id='word_1_194' title='bbox 665 3805 735 3861; x_wconf 89' lang='lat' dir='ltr'>nec</span> <span class='ocrx_word' id='word_1_195' title='bbox 755 3810 826 3864; x_wconf 87' lang='lat' dir='ltr'>non</span> <span class='ocrx_word' id='word_1_196' title='bbox 846 3790 1000 3887; x_wconf 82' lang='lat' dir='ltr'>reliquie</span> <span class='ocrx_word' id='word_1_197' title='bbox 1018 3786 1219 3871; x_wconf 74' lang='lat' dir='ltr'>undarum</span> <span class='ocrx_word' id='word_1_198' title='bbox 1238 3790 1302 3868; x_wconf 91' lang='lat' dir='ltr'>sub</span> <span class='ocrx_word' id='word_1_199' title='bbox 1322 3790 1410 3865; x_wconf 79' lang='lat' dir='ltr'>sude·</span> 
     </span>
    </p>

    <p class='ocr_par' dir='ltr' id='par_1_7' title="bbox 400 3902 1410 4229">
     <span class='ocr_line' id='line_1_32' title="bbox 403 3902 1407 3989; baseline 0.002 -12"><span class='ocrx_word' id='word_1_200' title='bbox 403 3902 428 3977; x_wconf 95' lang='lat' dir='ltr'>li</span> <span class='ocrx_word' id='word_1_201' title='bbox 449 3902 605 3975; x_wconf 79' lang='lat' dir='ltr'>corrodia</span> <span class='ocrx_word' id='word_1_202' title='bbox 629 3902 661 3976; x_wconf 78' lang='lat' dir='ltr'>d</span> <span class='ocrx_word' id='word_1_203' title='bbox 684 3904 805 3979; x_wconf 83' lang='lat' dir='ltr'>debita</span> <span class='ocrx_word' id='word_1_204' title='bbox 828 3907 988 3983; x_wconf 86' lang='lat' dir='ltr'>clausura</span> <span class='ocrx_word' id='word_1_205' title='bbox 1008 3904 1168 3989; x_wconf 79' lang='lat' dir='ltr'>clunibus</span> <span class='ocrx_word' id='word_1_206' title='bbox 1186 3906 1351 3985; x_wconf 83' lang='lat' dir='ltr'>adhibitis</span> <span class='ocrx_word' id='word_1_207' title='bbox 1368 3903 1407 3980; x_wconf 89' lang='lat' dir='ltr'>in</span> 
     </span>
     <span class='ocr_line' id='line_1_33' title="bbox 402 4012 1410 4099; baseline 0 -8"><span class='ocrx_word' id='word_1_208' title='bbox 402 4013 490 4091; x_wconf 87' lang='lat' dir='ltr'>locis</span> <span class='ocrx_word' id='word_1_209' title='bbox 517 4012 645 4089; x_wconf 84' lang='lat' dir='ltr'>debitis</span> <span class='ocrx_word' id='word_1_210' title='bbox 671 4014 706 4090; x_wconf 76' lang='lat' dir='ltr'>dc</span> <span class='ocrx_word' id='word_1_211' title='bbox 735 4016 889 4094; x_wconf 85' lang='lat' dir='ltr'>honestis</span> <span class='ocrx_word' id='word_1_212' title='bbox 921 4042 1001 4099; x_wconf 90' lang='lat' dir='ltr'>cum</span> <span class='ocrx_word' id='word_1_213' title='bbox 1034 4022 1171 4099; x_wconf 87' lang='lat' dir='ltr'>summa</span> <span class='ocrx_word' id='word_1_214' title='bbox 1196 4015 1410 4098; x_wconf 85' lang='lat' dir='ltr'>reverencia</span> 
     </span>
     <span class='ocr_line' id='line_1_34' title="bbox 400 4122 1410 4229; baseline 0.008 -30"><span class='ocrx_word' id='word_1_215' title='bbox 400 4122 682 4225; x_wconf 59' lang='lat' dir='ltr'>conservantur,</span> <span class='ocrx_word' id='word_1_216' title='bbox 707 4151 754 4210; x_wconf 88' lang='lat' dir='ltr'>ue</span> <span class='ocrx_word' id='word_1_217' title='bbox 774 4128 878 4229; x_wconf 75' lang='lat' dir='ltr'>pollis</span> <span class='ocrx_word' id='word_1_218' title='bbox 894 4134 940 4210; x_wconf 89' lang='lat' dir='ltr'>ad</span> <span class='ocrx_word' id='word_1_219' title='bbox 967 4132 1028 4223; x_wconf 77' lang='lat' dir='ltr'>illu</span> <span class='ocrx_word' id='word_1_220' title='bbox 1054 4157 1181 4219; x_wconf 81' lang='lat' dir='ltr'>manus</span> <span class='ocrx_word' id='word_1_221' title='bbox 1216 4130 1410 4214; x_wconf 88' lang='lat' dir='ltr'>temeraria</span> 
     </span>
    </p>

    <p class='ocr_par' dir='ltr' id='par_1_8' title="bbox 1346 4268 1409 4323">
     <span class='ocr_line' id='line_1_35' title="bbox 1346 4268 1409 4323; baseline -0.016 0"><span class='ocrx_word' id='word_1_222' title='bbox 1346 4268 1409 4323; x_wconf 87' lang='lat' dir='ltr'>ex·</span> 
     </span>
    </p>
   </div>
   <div class='ocr_carea' id='block_1_3' title="bbox 0 0 1577 4934">
    <p class='ocr_par' dir='ltr' id='par_1_9' title="bbox 0 0 1577 4934">
     <span class='ocr_line' id='line_1_36' title="bbox 0 0 1577 4934; baseline 0 0"><span class='ocrx_word' id='word_1_223' title='bbox 0 0 1577 4934; x_wconf 95' lang='lat' dir='ltr'> </span> 
     </span>
    </p>
   </div>
  </div>
 </body>
</html>
