3125 4934
332 425 338 445 '
380 436 463 527 35⁶.
664 472 674 485 ,
801 422 971 505 Η

383 605 598 697 celebreut3
633 598 673 679 si
704 600 989 719 Irregulajitutis
1028 557 1212 678 voluerint
1255 601 1423 689 evirare,

455 871 547 947 Item
569 864 793 966 precipimus
819 864 933 944 eciam
959 860 1055 966 quod
1084 864 1201 946 nullus
1228 864 1390 945 sacerdo

246 1066 251 1081 ,
385 972 464 1063 turn
493 986 552 1059 vel
581 981 805 1059 subditorum
832 984 951 1059 nostre
976 973 1156 1060 Diuecelis
1180 970 1313 1057 domos
1334 978 1391 1056 seu

383 1095 624 1175 habitationes
641 1096 719 1171 aliis
735 1096 882 1194 publice
893 1094 1014 1171 usuras
1030 1096 1285 1174 exercentibus
1295 1084 1392 1191 'qoo—

382 1200 586 1294 ntodolibel
609 1213 725 1303 locet,
759 1210 820 1309 qui
841 1232 927 1286 vero
945 1209 1341 1304 contrarium-fecerit,
1367 1204 1394 1283 st

383 1326 574 1431 singularis
602 1322 753 1422 persona
773 1324 887 1401 fucrit
911 1324 1329 1417 excommunicacionis,
1368 1320 1395 1400 st

383 1464 507 1521 autem
524 1439 716 1539 collegium
740 1442 798 1516 vel
823 1434 1031 1541 universitas
1047 1438 1238 1521 interdici
1253 1442 1394 1519 senten·

386 1554 480 1632 ciam
519 1553 596 1652 ipso
621 1551 720 1629 faclo
746 1550 782 1629 se
812 1555 955 1629 noverit
980 1554 1221 1633 incursurum.
1284 1550 1405 1652 Quod

385 1666 675 1747 ecianrextendl
704 1666 866 1741 volumus
894 1669 938 1741 ad
958 1663 1149 1765 judeorum
1172 1662 1336 1745 nutrices
1361 1662 1395 1739 dt

385 1780 580 1861 servientes
598 1776 733 1853 eisdem
746 1798 815 1853 nec
829 1798 900 1853 uon
917 1778 1241 1877 participacionem
1260 1777 1298 1855 in
1316 1774 1397 1855 usu·

385 1918 429 1975 ra
442 1914 526 1972 cusu
542 1890 659 1967 iudeis
673 1890 860 1969 babentes.
910 1894 999 1967 ltetn
1013 1892 1202 1989 astuquutn
1220 1892 1395 1968 statutum

384 2005 554 2088 morari
570 2007 802 2098 mandamus,
827 2009 922 2103 quod
938 2006 1139 2083 sacerdotes
1150 2006 1272 2083 nostre
1283 2003 1397 2080 Diue-

385 2120 473 2200 cests
490 2133 662 2195 moneant
682 2117 826 2218 lingulis
850 2119 975 2196 diebus
998 2117 1158 2216 festivis,
1190 2134 1232 2194 ut
1252 2113 1408 2215 judices·

388 2237 492 2314 testes
515 2247 727 2309 executores
748 2231 783 2305 d
802 2236 983 2329 quoslibet
999 2234 1087 2311 alios
1104 2232 1296 2331 publicum
1317 2230 1398 2308 olii·

385 2352 484 2428 cium
513 2364 723 2425 exercentes
756 2351 973 2427 denuncient
1003 2348 1106 2427 astus
1132 2347 1300 2448 publicos
1330 2345 1397 2424 fibi
1440 2432 1443 2437 Δ

386 2478 642 2561 competentes.
658 2460 1067 2561 utiliterperlicerenon
1080 2462 1192 2564 polle,
1219 2462 1399 2543 dumseu-

244 2673 249 2681 ¹
384 2581 506 2659 tencia
519 2578 907 2656 excommunicacionis
923 2580 1063 2659 fuerint
1081 2578 1258 2658 innodati.
1383 2584 1388 2594 '

460 2725 688 2833 Quandoque
710 2726 820 2823 iidem
835 2726 973 2829 judices
988 2720 1127 2811 nullum
1153 2728 1308 2830 publice
1331 2754 1399 2812 ex·

383 2843 692 2929 communicatum
710 2844 755 2919 ad
769 2846 949 2947 agendum
968 2844 1025 2923 vel
1043 2850 1319 2943 procurandum
1340 2872 1399 2924 co.-

383 2953 534 3035 romeis
552 2952 824 3049 quomodolibet
845 2958 1058 3052 admittant,
1091 2955 1153 3033 scd
1171 2960 1322 3036 eosdem
1341 2960 1401 3059 ju-

383 3062 480 3138 dices
507 3060 707 3160 repellant,
739 3068 825 3144 alias
852 3070 1067 3147 settlenciam
1092 3074 1400 3153 excommunica·

381 3169 496 3248 cionis
529 3169 680 3248 minoris
706 3175 781 3274 ipsts
807 3175 907 3257 fusto
939 3179 1143 3257 incurrant.
1208 3178 1305 3259 Item
1344 3182 1399 3263 di-

204 3294 210 3305 '
278 3316 282 3321 ’
380 3281 536 3364 ilriclius
546 3281 741 3379 inhibitum
757 3276 905 3389 antiquo
920 3288 1048 3379 statuto
1065 3282 1135 3370 elie
1150 3294 1400 3396 declaramus,

158 3482 162 3489 ,
254 3448 260 3455 ·
380 3390 625 3491 neReligioll
652 3402 709 3473 vel
733 3398 797 3483 alii
812 3405 1031 3503 quicumque
1055 3408 1101 3483 ad
1125 3406 1399 3505 predicandum

339 3546 354 3609 Ι·
377 3506 470 3622 milii
494 3506 538 3594 in¹
552 3506 867 3602 predicacionibus
890 3516 958 3593 suis
977 3519 1142 3597 homines
1163 3542 1186 3594 a
1208 3522 1398 3607 solucione

280 3655 283 3663 ·
380 3620 603 3694 decimarum
637 3618 673 3695 dc
708 3622 857 3733 aliarum
890 3626 1125 3712 laudabilium
1162 3637 1400 3720 consuetudi-

377 3739 467 3805 num
505 3726 733 3805 ecciefiarnm
772 3752 986 3835 quacunque
1021 3744 1231 3841 occasione,
1275 3772 1397 3834 retra-

378 3838 488 3933 hant,
530 3836 617 3933 quin
636 3834 713 3943 jmo
742 3841 835 3939 ipsos
857 3850 902 3923 ad
928 3848 1150 3935 solucionem
1182 3864 1398 3959 predislam

323 3987 328 3995 ·
378 3948 562 4075 lindiostus
581 3950 842 4077 exbortentur,
866 3978 936 4038 nec
951 3966 1120 4049 stationes
1136 3998 1207 4053 nec
1222 3981 1399 4077 ‘predicu-

328 4090 338 4112 ε
381 4081 501 4177 cronos
527 4060 730 4141 Dominicis
752 4064 789 4142 cie
811 4068 949 4153 festivis
975 4080 1103 4165 diebus
1126 4088 1271 4176 faciant
1298 4096 1400 4176 inter

1274 4209 1397 4293 millit-
